region;country;ptype;channel;date;quantity;price;cost;revenue;profit
Sub-Saharan Africa;Namibia;Household;Offline;8/31/2015;3604;668.27;502.54;2408445.08;597290.92
Europe;Iceland;Baby Food;Online;11/20/2010;8435;255.28;159.42;2153286.80;808579.10
Europe;Russia;Meat;Online;6/22/2017;4848;421.89;364.69;2045322.72;277305.60
Europe;Moldova ;Meat;Online;2/28/2012;7225;421.89;364.69;3048155.25;413270.00
Europe;Malta;Cereal;Online;8/12/2010;1975;205.70;117.11;406257.50;174965.25
Asia;Indonesia;Meat;Online;8/20/2010;2542;421.89;364.69;1072444.38;145402.40
Sub-Saharan Africa;Djibouti;Household;Online;2/3/2011;4398;668.27;502.54;2939051.46;728880.54
Europe;Greece;Household;Online;9/11/2015;49;668.27;502.54;32745.23;8120.77
Sub-Saharan Africa;Cameroon;Cosmetics;Offline;1/31/2014;4031;437.20;263.33;1762353.20;700869.97
Sub-Saharan Africa;Nigeria;Cosmetics;Online;11/21/2015;7911;437.20;263.33;3458689.20;1375485.57
Sub-Saharan Africa;Senegal;Fruits;Offline;8/29/2016;5288;9.33;6.92;49337.04;12744.08
Middle East and North Africa;Afghanistan;Cosmetics;Offline;10/21/2016;6792;437.20;263.33;2969462.40;1180925.04
Asia;India;Vegetables;Online;3/21/2010;5084;154.06;90.93;783241.04;320952.92
Middle East and North Africa;Lebanon;Vegetables;Online;10/15/2010;9855;154.06;90.93;1518261.30;622146.15
Middle East and North Africa;Turkey;Office Supplies;Online;10/4/2010;2831;651.21;524.96;1843575.51;357413.75
Middle East and North Africa;Iraq;Cosmetics;Offline;10/14/2014;2766;437.20;263.33;1209295.20;480924.42
Sub-Saharan Africa;Rwanda;Personal Care;Offline;6/15/2013;445;81.73;56.67;36369.85;11151.70
Europe;Ukraine;Baby Food;Offline;5/7/2017;3687;255.28;159.42;941217.36;353435.82
Europe;Finland;Office Supplies;Online;5/21/2015;2339;651.21;524.96;1523180.19;295298.75
Sub-Saharan Africa;South Sudan;Beverages;Offline;6/28/2016;3283;47.45;31.79;155778.35;51411.78
Central America and the Caribbean;Antigua and Barbuda ;Fruits;Offline;7/6/2015;5428;9.33;6.92;50643.24;13081.48
Middle East and North Africa;Kuwait;Personal Care;Online;2/18/2012;4718;81.73;56.67;385602.14;118233.08
Europe;United Kingdom;Office Supplies;Offline;9/9/2014;9125;651.21;524.96;5942291.25;1152031.25
Central America and the Caribbean;Saint Kitts and Nevis ;Personal Care;Online;8/24/2013;3656;81.73;56.67;298804.88;91619.36
Central America and the Caribbean;Antigua and Barbuda ;Personal Care;Offline;9/4/2015;5345;81.73;56.67;436846.85;133945.70
Central America and the Caribbean;Saint Lucia;Cosmetics;Offline;2/26/2017;8261;437.20;263.33;3611709.20;1436340.07
Middle East and North Africa;Kuwait;Personal Care;Offline;7/15/2015;8502;81.73;56.67;694868.46;213060.12
Sub-Saharan Africa;South Sudan;Office Supplies;Online;2/9/2013;9197;651.21;524.96;5989178.37;1161121.25
Middle East and North Africa;Tunisia ;Snacks;Online;3/27/2013;5509;152.58;97.44;840563.22;303766.26
Middle East and North Africa;Yemen;Cereal;Online;7/23/2016;9629;205.70;117.11;1980685.30;853033.11
Sub-Saharan Africa;Guinea;Vegetables;Offline;3/18/2017;5781;154.06;90.93;890620.86;364954.53
Australia and Oceania;Tuvalu;Household;Online;3/3/2014;5220;668.27;502.54;3488369.40;865110.60
Asia;South Korea;Cereal;Offline;1/23/2015;1232;205.70;117.11;253422.40;109142.88
Europe;San Marino;Meat;Offline;3/17/2017;4134;421.89;364.69;1744093.26;236464.80
Central America and the Caribbean;Trinidad and Tobago;Household;Online;6/8/2011;6276;668.27;502.54;4194062.52;1040121.48
Europe;Kosovo;Meat;Offline;2/14/2016;7036;421.89;364.69;2968418.04;402459.20
Europe;Hungary;Personal Care;Online;11/11/2012;7826;81.73;56.67;639618.98;196119.56
Sub-Saharan Africa;Botswana;Personal Care;Offline;10/26/2010;7089;81.73;56.67;579383.97;177650.34
Middle East and North Africa;Turkey;Beverages;Online;8/21/2012;5298;47.45;31.79;251390.10;82966.68
Europe;Serbia;Cosmetics;Online;9/5/2010;9958;437.20;263.33;4353637.60;1731397.46
Central America and the Caribbean;Guatemala;Personal Care;Online;7/5/2013;605;81.73;56.67;49446.65;15161.30
Middle East and North Africa;United Arab Emirates;Household;Offline;10/29/2011;3806;668.27;502.54;2543435.62;630768.38
Australia and Oceania;Samoa ;Vegetables;Offline;7/18/2012;8161;154.06;90.93;1257283.66;515203.93
Sub-Saharan Africa;Botswana;Beverages;Offline;4/12/2012;9298;47.45;31.79;441190.10;145606.68
Middle East and North Africa;Bahrain;Office Supplies;Offline;4/14/2016;4880;651.21;524.96;3177904.80;616100.00
Central America and the Caribbean;Saint Vincent and the Grenadines;Snacks;Online;12/13/2011;9598;152.58;97.44;1464462.84;529233.72
Middle East and North Africa;Pakistan;Baby Food;Offline;6/10/2010;176;255.28;159.42;44929.28;16871.36
Europe;Hungary;Beverages;Online;8/21/2012;370;47.45;31.79;17556.50;5794.20
Europe;Poland;Cereal;Online;11/28/2012;5964;205.70;117.11;1226794.80;528350.76
Middle East and North Africa;Tunisia ;Office Supplies;Online;6/23/2010;9777;651.21;524.96;6366880.17;1234346.25
Europe;Lithuania;Fruits;Offline;3/11/2013;6657;9.33;6.92;62109.81;16043.37
Australia and Oceania;Samoa ;Vegetables;Offline;1/18/2011;8484;154.06;90.93;1307045.04;535594.92
Sub-Saharan Africa;Sudan;Beverages;Offline;4/1/2010;9170;47.45;31.79;435116.50;143602.20
Europe;Portugal;Personal Care;Offline;4/8/2014;9656;81.73;56.67;789184.88;241979.36
Australia and Oceania;Fiji;Vegetables;Online;7/5/2012;2916;154.06;90.93;449238.96;184087.08
Sub-Saharan Africa;Tanzania;Meat;Online;5/15/2014;8955;421.89;364.69;3778024.95;512226.00
Sub-Saharan Africa;Sao Tome and Principe;Cosmetics;Online;2/28/2015;9810;437.20;263.33;4288932.00;1705664.70
Sub-Saharan Africa;Cape Verde;Meat;Online;1/18/2015;4547;421.89;364.69;1918333.83;260088.40
Middle East and North Africa;Lebanon;Vegetables;Offline;4/7/2015;4265;154.06;90.93;657065.90;269249.45
North America;Greenland;Personal Care;Online;4/27/2014;7094;81.73;56.67;579792.62;177775.64
Sub-Saharan Africa;Guinea-Bissau;Baby Food;Online;10/16/2011;3196;255.28;159.42;815874.88;306368.56
Europe;Georgia;Meat;Online;2/6/2012;9762;421.89;364.69;4118490.18;558386.40
Central America and the Caribbean;Jamaica;Meat;Online;3/2/2013;6017;421.89;364.69;2538512.13;344172.40
Europe;Bulgaria;Snacks;Online;3/11/2010;8215;152.58;97.44;1253444.70;452975.10
Asia;Kazakhstan;Household;Offline;7/29/2014;4641;668.27;502.54;3101441.07;769152.93
Sub-Saharan Africa;Rwanda;Clothes;Online;4/16/2012;615;109.28;35.84;67207.20;45165.60
Central America and the Caribbean;Grenada;Cosmetics;Offline;1/31/2013;3484;437.20;263.33;1523204.80;605763.08
Central America and the Caribbean;Honduras;Office Supplies;Online;6/1/2016;7628;651.21;524.96;4967429.88;963035.00
Asia;Mongolia;Office Supplies;Online;3/27/2015;9459;651.21;524.96;6159795.39;1194198.75
Central America and the Caribbean;Belize;Meat;Offline;11/28/2014;2418;421.89;364.69;1020130.02;138309.60
North America;United States of America;Meat;Offline;4/22/2014;1979;421.89;364.69;834920.31;113198.80
Sub-Saharan Africa;South Africa;Meat;Offline;2/21/2017;648;421.89;364.69;273384.72;37065.60
Europe;Austria;Vegetables;Online;1/19/2013;2960;154.06;90.93;456017.60;186864.80
Australia and Oceania;Marshall Islands;Snacks;Offline;9/2/2011;482;152.58;97.44;73543.56;26577.48
Sub-Saharan Africa;Sierra Leone;Household;Offline;2/13/2016;6814;668.27;502.54;4553591.78;1129284.22
Europe;Romania;Meat;Offline;8/28/2011;2586;421.89;364.69;1091007.54;147919.20
Asia;Malaysia;Clothes;Offline;11/24/2014;457;109.28;35.84;49940.96;33562.08
Europe;Hungary;Cosmetics;Offline;1/5/2017;122;437.20;263.33;53338.40;21212.14
Australia and Oceania;New Zealand;Beverages;Offline;3/30/2010;3303;47.45;31.79;156727.35;51724.98
Sub-Saharan Africa;Mozambique;Office Supplies;Offline;5/25/2014;8755;651.21;524.96;5701343.55;1105318.75
Sub-Saharan Africa;Namibia;Beverages;Offline;6/25/2012;7264;47.45;31.79;344676.80;113754.24
Middle East and North Africa;Tunisia ;Personal Care;Offline;1/30/2015;6649;81.73;56.67;543422.77;166623.94
Middle East and North Africa;Somalia;Office Supplies;Online;2/11/2011;6756;651.21;524.96;4399574.76;852945.00
Europe;Denmark;Personal Care;Online;1/30/2017;4467;81.73;56.67;365087.91;111943.02
Australia and Oceania;Solomon Islands;Beverages;Offline;9/3/2012;8693;47.45;31.79;412482.85;136132.38
Australia and Oceania;Vanuatu;Vegetables;Online;9/26/2012;5375;154.06;90.93;828072.50;339323.75
Asia;Singapore;Meat;Offline;6/13/2010;2488;421.89;364.69;1049662.32;142313.60
Europe;Luxembourg;Fruits;Online;6/4/2011;5036;9.33;6.92;46985.88;12136.76
Australia and Oceania;Australia;Cereal;Online;10/6/2014;55;205.70;117.11;11313.50;4872.45
Asia;Brunei;Household;Online;11/3/2016;1613;668.27;502.54;1077919.51;267322.49
Australia and Oceania;Papua New Guinea;Vegetables;Offline;2/10/2015;5809;154.06;90.93;894934.54;366722.17
Europe;Romania;Personal Care;Online;11/12/2011;5772;81.73;56.67;471745.56;144646.32
Asia;Kyrgyzstan;Personal Care;Offline;6/18/2010;6664;81.73;56.67;544648.72;166999.84
Sub-Saharan Africa;Chad;Clothes;Online;7/18/2011;677;109.28;35.84;73982.56;49718.88
Middle East and North Africa;Somalia;Cereal;Online;10/25/2016;2034;205.70;117.11;418393.80;180192.06
Sub-Saharan Africa;Togo;Clothes;Offline;2/11/2010;1990;109.28;35.84;217467.20;146145.60
Sub-Saharan Africa;Mali;Household;Online;3/17/2014;3832;668.27;502.54;2560810.64;635077.36
Europe;San Marino;Snacks;Online;4/11/2011;7877;152.58;97.44;1201872.66;434337.78
Europe;Croatia;Baby Food;Online;11/8/2014;6474;255.28;159.42;1652682.72;620597.64
Asia;Taiwan;Baby Food;Offline;1/16/2013;9002;255.28;159.42;2298030.56;862931.72
Central America and the Caribbean;Barbados;Meat;Offline;2/23/2010;6872;421.89;364.69;2899228.08;393078.40
Sub-Saharan Africa;Equatorial Guinea;Cosmetics;Offline;4/30/2015;8527;437.20;263.33;3728004.40;1482589.49
Central America and the Caribbean;Guatemala;Vegetables;Online;2/3/2016;4441;154.06;90.93;684180.46;280360.33
Europe;United Kingdom;Household;Offline;5/12/2012;2119;668.27;502.54;1416064.13;351181.87
Sub-Saharan Africa;Equatorial Guinea;Vegetables;Online;9/18/2012;1096;154.06;90.93;168849.76;69190.48
Sub-Saharan Africa;Tanzania;Snacks;Offline;6/2/2015;7940;152.58;97.44;1211485.20;437811.60
Europe;Ukraine;Fruits;Offline;3/28/2012;1249;9.33;6.92;11653.17;3010.09
North America;Canada;Snacks;Offline;12/9/2014;6655;152.58;97.44;1015419.90;366956.70
Sub-Saharan Africa;Eritrea;Office Supplies;Offline;8/17/2013;1816;651.21;524.96;1182597.36;229270.00
Europe;Georgia;Fruits;Offline;11/2/2010;1427;9.33;6.92;13313.91;3439.07
Europe;Poland;Cereal;Online;3/1/2010;2210;205.70;117.11;454597.00;195783.90
North America;Mexico;Clothes;Online;6/27/2012;7921;109.28;35.84;865606.88;581718.24
Australia and Oceania;Papua New Guinea;Baby Food;Online;3/5/2012;4346;255.28;159.42;1109446.88;416607.56
Europe;Ukraine;Meat;Offline;1/8/2016;4301;421.89;364.69;1814548.89;246017.20
Sub-Saharan Africa;Niger;Beverages;Offline;9/24/2016;2636;47.45;31.79;125078.20;41279.76
Australia and Oceania;New Zealand;Household;Offline;11/16/2011;1231;668.27;502.54;822640.37;204013.63
Sub-Saharan Africa;Nigeria;Cosmetics;Online;3/22/2015;3997;437.20;263.33;1747488.40;694958.39
Sub-Saharan Africa;Madagascar;Beverages;Offline;2/9/2015;1875;47.45;31.79;88968.75;29362.50
Asia;Kazakhstan;Baby Food;Online;1/30/2016;7841;255.28;159.42;2001650.48;751638.26
Middle East and North Africa;Kuwait;Clothes;Online;5/20/2012;1897;109.28;35.84;207304.16;139315.68
Sub-Saharan Africa;Gabon;Fruits;Offline;6/26/2014;6082;9.33;6.92;56745.06;14657.62
Central America and the Caribbean;El Salvador;Personal Care;Online;12/21/2014;9462;81.73;56.67;773329.26;237117.72
Europe;Sweden;Personal Care;Offline;1/28/2015;3135;81.73;56.67;256223.55;78563.10
Sub-Saharan Africa;Angola;Vegetables;Online;4/24/2013;5232;154.06;90.93;806041.92;330296.16
Asia;Sri Lanka;Office Supplies;Online;10/28/2016;5914;651.21;524.96;3851255.94;746642.50
Europe;Cyprus;Clothes;Online;11/22/2014;2372;109.28;35.84;259212.16;174199.68
Central America and the Caribbean;Honduras;Snacks;Offline;1/4/2013;3832;152.58;97.44;584686.56;211296.48
Sub-Saharan Africa;Ethiopia;Meat;Online;12/11/2013;6547;421.89;364.69;2762113.83;374488.40
Europe;Denmark;Beverages;Online;12/16/2013;8804;47.45;31.79;417749.80;137870.64
Europe;Iceland;Household;Online;3/2/2014;5921;668.27;502.54;3956826.67;981287.33
Sub-Saharan Africa;Liberia;Cereal;Online;9/28/2016;5245;205.70;117.11;1078896.50;464654.55
Sub-Saharan Africa;South Africa;Meat;Online;7/29/2013;1156;421.89;364.69;487704.84;66123.20
Sub-Saharan Africa;Mali;Beverages;Online;10/2/2012;67;47.45;31.79;3179.15;1049.22
Middle East and North Africa;Egypt;Personal Care;Online;1/30/2012;5418;81.73;56.67;442813.14;135775.08
Europe;Moldova ;Meat;Offline;6/3/2010;2685;421.89;364.69;1132774.65;153582.00
Europe;Montenegro;Personal Care;Offline;6/28/2011;4371;81.73;56.67;357241.83;109537.26
Australia and Oceania;Nauru;Household;Online;6/30/2012;5013;668.27;502.54;3350037.51;830804.49
Asia;Sri Lanka;Household;Offline;7/2/2015;6179;668.27;502.54;4129240.33;1024045.67
Australia and Oceania;Kiribati;Cosmetics;Offline;1/19/2016;1466;437.20;263.33;640935.20;254893.42
Sub-Saharan Africa;Senegal;Baby Food;Online;7/21/2014;1505;255.28;159.42;384196.40;144269.30
Middle East and North Africa;Iran;Office Supplies;Offline;6/23/2012;8956;651.21;524.96;5832236.76;1130695.00
Central America and the Caribbean;Grenada;Cosmetics;Online;2/20/2016;3513;437.20;263.33;1535883.60;610805.31
Sub-Saharan Africa;Democratic Republic of the Congo;Meat;Online;3/16/2010;6899;421.89;364.69;2910619.11;394622.80
Europe;Vatican City;Snacks;Offline;6/26/2014;7869;152.58;97.44;1200652.02;433896.66
Sub-Saharan Africa;South Sudan;Vegetables;Online;12/26/2011;7208;154.06;90.93;1110464.48;455041.04
Asia;North Korea;Vegetables;Offline;4/15/2013;2735;154.06;90.93;421354.10;172660.55
Middle East and North Africa;Jordan;Household;Offline;11/22/2014;4298;668.27;502.54;2872224.46;712307.54
Sub-Saharan Africa;Sao Tome and Principe;Meat;Offline;7/28/2010;8777;421.89;364.69;3702928.53;502044.40
Europe;Romania;Clothes;Offline;4/25/2010;5082;109.28;35.84;555360.96;373222.08
Sub-Saharan Africa;Seychelles ;Fruits;Online;10/24/2013;9157;9.33;6.92;85434.81;22068.37
Sub-Saharan Africa;Gabon;Clothes;Offline;4/4/2014;8975;109.28;35.84;980788.00;659124.00
Middle East and North Africa;Tunisia ;Cereal;Offline;4/1/2017;9540;205.70;117.11;1962378.00;845148.60
Europe;France;Household;Offline;4/28/2014;7890;668.27;502.54;5272650.30;1307609.70
Europe;Montenegro;Fruits;Online;1/1/2017;8091;9.33;6.92;75489.03;19499.31
Sub-Saharan Africa;Mali;Cosmetics;Offline;2/28/2015;6242;437.20;263.33;2729002.40;1085296.54
Asia;Taiwan;Snacks;Online;2/3/2011;5472;152.58;97.44;834917.76;301726.08
Australia and Oceania;Fiji;Meat;Offline;9/25/2015;944;421.89;364.69;398264.16;53996.80
Middle East and North Africa;Lebanon;Personal Care;Offline;7/29/2014;4849;81.73;56.67;396308.77;121515.94
Sub-Saharan Africa;Guinea;Baby Food;Offline;11/23/2016;1412;255.28;159.42;360455.36;135354.32
Sub-Saharan Africa;Sierra Leone;Baby Food;Online;2/8/2014;1886;255.28;159.42;481458.08;180791.96
Central America and the Caribbean;Honduras;Office Supplies;Offline;10/30/2013;9558;651.21;524.96;6224265.18;1206697.50
North America;Greenland;Vegetables;Offline;5/22/2013;4745;154.06;90.93;731014.70;299551.85
Asia;Indonesia;Meat;Offline;3/6/2011;9797;421.89;364.69;4133256.33;560388.40
Sub-Saharan Africa;Togo;Clothes;Offline;6/9/2010;4092;109.28;35.84;447173.76;300516.48
Sub-Saharan Africa;Mauritius ;Personal Care;Online;6/24/2015;9043;81.73;56.67;739084.39;226617.58
Sub-Saharan Africa;Sierra Leone;Snacks;Offline;9/26/2012;3091;152.58;97.44;471624.78;170437.74
Asia;Cambodia;Beverages;Online;6/10/2012;6710;47.45;31.79;318389.50;105078.60
Central America and the Caribbean;Jamaica;Vegetables;Offline;7/9/2014;7405;154.06;90.93;1140814.30;467477.65
Australia and Oceania;Kiribati;Vegetables;Online;5/24/2012;4712;154.06;90.93;725930.72;297468.56
Central America and the Caribbean;Dominican Republic;Vegetables;Offline;11/29/2011;5198;154.06;90.93;800803.88;328149.74
Asia;Tajikistan;Office Supplies;Online;5/28/2012;7463;651.21;524.96;4859980.23;942203.75
Europe;Netherlands;Beverages;Offline;7/2/2010;7136;47.45;31.79;338603.20;111749.76
Europe;Iceland;Household;Offline;6/11/2011;1878;668.27;502.54;1255011.06;311240.94
Asia;Taiwan;Beverages;Offline;3/14/2010;6381;47.45;31.79;302778.45;99926.46
Sub-Saharan Africa;Gabon;Fruits;Offline;5/12/2010;7369;9.33;6.92;68752.77;17759.29
Sub-Saharan Africa;Guinea-Bissau;Snacks;Online;10/23/2012;8598;152.58;97.44;1311882.84;474093.72
North America;United States of America;Cereal;Online;11/30/2011;5852;205.70;117.11;1203756.40;518428.68
Sub-Saharan Africa;Rwanda;Snacks;Offline;6/18/2014;1950;152.58;97.44;297531.00;107523.00
Europe;Cyprus;Household;Online;3/3/2013;1741;668.27;502.54;1163458.07;288535.93
Asia;Brunei;Cosmetics;Online;3/4/2013;7103;437.20;263.33;3105431.60;1234998.61
Sub-Saharan Africa;Seychelles ;Personal Care;Offline;2/4/2013;1949;81.73;56.67;159291.77;48841.94
Middle East and North Africa;Jordan;Office Supplies;Online;6/3/2016;7220;651.21;524.96;4701736.20;911525.00
Middle East and North Africa;Pakistan;Snacks;Online;7/20/2012;5890;152.58;97.44;898696.20;324774.60
Central America and the Caribbean;Barbados;Fruits;Offline;11/15/2010;7965;9.33;6.92;74313.45;19195.65
Sub-Saharan Africa;Comoros;Meat;Online;4/13/2014;5479;421.89;364.69;2311535.31;313398.80
Central America and the Caribbean;The Bahamas;Clothes;Online;5/15/2015;7501;109.28;35.84;819709.28;550873.44
Sub-Saharan Africa;South Sudan;Baby Food;Online;5/13/2015;5130;255.28;159.42;1309586.40;491761.80
Sub-Saharan Africa;Nigeria;Cosmetics;Offline;10/10/2012;6494;437.20;263.33;2839176.80;1129111.78
Europe;Ukraine;Beverages;Offline;10/4/2014;1756;47.45;31.79;83322.20;27498.96
Europe;France;Cosmetics;Online;8/2/2010;8108;437.20;263.33;3544817.60;1409737.96
Sub-Saharan Africa;Burundi;Office Supplies;Online;4/29/2013;4772;651.21;524.96;3107574.12;602465.00
Middle East and North Africa;Syria;Vegetables;Offline;8/7/2010;8005;154.06;90.93;1233250.30;505355.65
Sub-Saharan Africa;Botswana;Fruits;Online;10/25/2013;6092;9.33;6.92;56838.36;14681.72
Australia and Oceania;Papua New Guinea;Snacks;Offline;7/7/2016;4351;152.58;97.44;663875.58;239914.14
Asia;Kazakhstan;Cosmetics;Offline;4/20/2013;130;437.20;263.33;56836.00;22603.10
Middle East and North Africa;Jordan;Clothes;Online;3/16/2011;7809;109.28;35.84;853367.52;573492.96
Central America and the Caribbean;Dominican Republic;Personal Care;Online;9/30/2010;3800;81.73;56.67;310574.00;95228.00
Sub-Saharan Africa;Namibia;Beverages;Online;4/19/2017;1544;47.45;31.79;73262.80;24179.04
Europe;Hungary;Household;Online;7/31/2014;6516;668.27;502.54;4354447.32;1079896.68
Asia;Malaysia;Snacks;Offline;11/18/2013;1220;152.58;97.44;186147.60;67270.80
Sub-Saharan Africa;Burundi;Cosmetics;Offline;5/30/2012;192;437.20;263.33;83942.40;33383.04
Europe;Estonia;Clothes;Offline;3/24/2012;5000;109.28;35.84;546400.00;367200.00
Asia;Malaysia;Beverages;Offline;6/15/2016;9242;47.45;31.79;438532.90;144729.72
Europe;Bosnia and Herzegovina;Household;Offline;5/8/2010;3548;668.27;502.54;2371021.96;588010.04
Europe;Finland;Fruits;Online;7/12/2010;580;9.33;6.92;5411.40;1397.80
Sub-Saharan Africa;Tanzania;Office Supplies;Offline;9/26/2015;30;651.21;524.96;19536.30;3787.50
North America;United States of America;Vegetables;Offline;8/21/2010;3621;154.06;90.93;557851.26;228593.73
Europe;Austria;Meat;Offline;1/16/2015;108;421.89;364.69;45564.12;6177.60
Australia and Oceania;Tonga;Cereal;Online;12/17/2011;278;205.70;117.11;57184.60;24628.02
Sub-Saharan Africa;Zambia;Fruits;Offline;12/21/2011;1947;9.33;6.92;18165.51;4692.27
Middle East and North Africa;Morocco;Baby Food;Online;7/27/2011;4965;255.28;159.42;1267465.20;475944.90
Europe;Monaco;Personal Care;Online;2/9/2012;6211;81.73;56.67;507625.03;155647.66
Asia;Cambodia;Clothes;Online;12/31/2015;4597;109.28;35.84;502360.16;337603.68
Sub-Saharan Africa;Lesotho;Office Supplies;Offline;5/13/2015;6064;651.21;524.96;3948937.44;765580.00
Europe;Portugal;Fruits;Online;12/18/2010;8587;9.33;6.92;80116.71;20694.67
Middle East and North Africa;Afghanistan;Cosmetics;Offline;12/23/2015;7170;437.20;263.33;3134724.00;1246647.90
Sub-Saharan Africa;Nigeria;Meat;Online;5/11/2014;8850;421.89;364.69;3733726.50;506220.00
Australia and Oceania;Kiribati;Cereal;Offline;1/23/2010;7693;205.70;117.11;1582450.10;681522.87
Sub-Saharan Africa;Comoros;Cosmetics;Offline;9/7/2015;9799;437.20;263.33;4284122.80;1703752.13
Sub-Saharan Africa;Namibia;Vegetables;Offline;10/17/2010;8298;154.06;90.93;1278389.88;523852.74
Sub-Saharan Africa;Sierra Leone;Household;Online;11/25/2013;8349;668.27;502.54;5579386.23;1383679.77
Sub-Saharan Africa;The Gambia;Personal Care;Online;7/3/2010;2147;81.73;56.67;175474.31;53803.82
Europe;Germany;Cereal;Online;6/12/2017;3914;205.70;117.11;805109.80;346741.26
Sub-Saharan Africa;Tanzania;Office Supplies;Offline;12/31/2010;4906;651.21;524.96;3194836.26;619382.50
Europe;Slovenia;Office Supplies;Offline;12/3/2013;8408;651.21;524.96;5475373.68;1061510.00
Sub-Saharan Africa;Benin;Cereal;Offline;12/22/2015;4738;205.70;117.11;974606.60;419739.42
Sub-Saharan Africa;Mauritius ;Cosmetics;Offline;7/18/2015;6245;437.20;263.33;2730314.00;1085818.15
Sub-Saharan Africa;Ethiopia;Personal Care;Online;11/17/2015;2308;81.73;56.67;188632.84;57838.48
Asia;Turkmenistan;Beverages;Online;9/15/2013;4338;47.45;31.79;205838.10;67933.08
Asia;Kyrgyzstan;Clothes;Offline;8/14/2010;779;109.28;35.84;85129.12;57209.76
Europe;Slovenia;Household;Online;11/2/2016;2103;668.27;502.54;1405371.81;348530.19
Sub-Saharan Africa;Lesotho;Cosmetics;Online;2/24/2017;5816;437.20;263.33;2542755.20;1011227.92
Middle East and North Africa;Jordan;Office Supplies;Offline;7/19/2012;1453;651.21;524.96;946208.13;183441.25
Europe;France;Beverages;Offline;6/13/2016;5582;47.45;31.79;264865.90;87414.12
Sub-Saharan Africa;Lesotho;Clothes;Online;1/17/2013;6802;109.28;35.84;743322.56;499538.88
Europe;Malta;Cosmetics;Offline;2/8/2014;742;437.20;263.33;324402.40;129011.54
Asia;Maldives;Cosmetics;Online;4/21/2017;5064;437.20;263.33;2213980.80;880477.68
Australia and Oceania;Marshall Islands;Clothes;Online;1/12/2010;4460;109.28;35.84;487388.80;327542.40
Asia;Sri Lanka;Household;Online;1/12/2011;5653;668.27;502.54;3777730.31;936871.69
Asia;Laos;Baby Food;Offline;8/10/2013;2399;255.28;159.42;612416.72;229968.14
Middle East and North Africa;Jordan;Vegetables;Online;2/16/2012;484;154.06;90.93;74565.04;30554.92
Middle East and North Africa;Somalia;Office Supplies;Offline;5/19/2013;2725;651.21;524.96;1774547.25;344031.25
Sub-Saharan Africa;Sierra Leone;Household;Online;1/31/2010;3970;668.27;502.54;2653031.90;657948.10
Asia;Tajikistan;Snacks;Online;12/11/2014;6100;152.58;97.44;930738.00;336354.00
Australia and Oceania;Marshall Islands;Cosmetics;Online;6/12/2011;3026;437.20;263.33;1322967.20;526130.62
Central America and the Caribbean;Saint Vincent and the Grenadines;Cosmetics;Online;8/21/2010;5689;437.20;263.33;2487230.80;989146.43
Europe;Romania;Beverages;Online;1/24/2017;7065;47.45;31.79;335234.25;110637.90
Australia and Oceania;Tuvalu;Snacks;Online;5/29/2017;7157;152.58;97.44;1092015.06;394636.98
Sub-Saharan Africa;Equatorial Guinea;Beverages;Offline;7/21/2014;8001;47.45;31.79;379647.45;125295.66
Central America and the Caribbean;Cuba;Cosmetics;Online;3/27/2016;8666;437.20;263.33;3788775.20;1506757.42
Europe;Bulgaria;Household;Online;2/14/2016;250;668.27;502.54;167067.50;41432.50
Asia;Myanmar;Fruits;Online;9/18/2012;882;9.33;6.92;8229.06;2125.62
Australia and Oceania;Solomon Islands;Household;Online;3/1/2013;724;668.27;502.54;483827.48;119988.52
Europe;Montenegro;Snacks;Online;4/29/2014;6968;152.58;97.44;1063177.44;384215.52
Sub-Saharan Africa;Malawi;Cereal;Online;2/11/2014;8838;205.70;117.11;1817976.60;782958.42
Sub-Saharan Africa;Mali;Vegetables;Online;4/20/2015;2588;154.06;90.93;398707.28;163380.44
Asia;Maldives;Snacks;Online;2/23/2014;6505;152.58;97.44;992532.90;358685.70
Central America and the Caribbean;Nicaragua;Cosmetics;Offline;10/7/2011;5907;437.20;263.33;2582540.40;1027050.09
Europe;Germany;Meat;Offline;5/2/2010;8141;421.89;364.69;3434606.49;465665.20
Central America and the Caribbean;Belize;Fruits;Offline;11/18/2016;7588;9.33;6.92;70796.04;18287.08
Europe;Montenegro;Meat;Offline;10/14/2016;658;421.89;364.69;277603.62;37637.60
Central America and the Caribbean;Antigua and Barbuda ;Office Supplies;Online;6/2/2015;795;651.21;524.96;517711.95;100368.75
Europe;Ireland;Baby Food;Online;8/23/2011;3472;255.28;159.42;886332.16;332825.92
Sub-Saharan Africa;Guinea;Fruits;Offline;9/30/2016;1193;9.33;6.92;11130.69;2875.13
Europe;Russia;Beverages;Online;10/19/2012;8495;47.45;31.79;403087.75;133031.70
Central America and the Caribbean;Nicaragua;Beverages;Online;1/1/2017;6946;47.45;31.79;329587.70;108774.36
Middle East and North Africa;Yemen;Beverages;Offline;5/1/2017;143;47.45;31.79;6785.35;2239.38
Sub-Saharan Africa;Mauritania;Meat;Online;3/12/2014;8717;421.89;364.69;3677615.13;498612.40
Central America and the Caribbean;Costa Rica;Vegetables;Offline;8/17/2016;5329;154.06;90.93;820985.74;336419.77
Middle East and North Africa;Tunisia ;Snacks;Online;10/22/2015;9671;152.58;97.44;1475601.18;533258.94
Europe;Montenegro;Vegetables;Online;7/19/2011;3467;154.06;90.93;534126.02;218871.71
Asia;Taiwan;Vegetables;Online;1/29/2016;5472;154.06;90.93;843016.32;345447.36
Middle East and North Africa;Azerbaijan;Beverages;Offline;5/29/2012;6472;47.45;31.79;307096.40;101351.52
Sub-Saharan Africa;Niger;Vegetables;Offline;2/15/2011;4284;154.06;90.93;659993.04;270448.92
Europe;Austria;Personal Care;Offline;4/16/2016;8757;81.73;56.67;715709.61;219450.42
Asia;Maldives;Snacks;Offline;2/11/2014;6770;152.58;97.44;1032966.60;373297.80
Central America and the Caribbean;Nicaragua;Beverages;Offline;8/1/2014;7236;47.45;31.79;343348.20;113315.76
Sub-Saharan Africa;Guinea-Bissau;Household;Offline;5/22/2017;6096;668.27;502.54;4073773.92;1010290.08
Middle East and North Africa;Saudi Arabia;Beverages;Online;9/19/2015;1324;47.45;31.79;62823.80;20733.84
Asia;Singapore;Vegetables;Offline;3/5/2015;7925;154.06;90.93;1220925.50;500305.25
Europe;Latvia;Meat;Online;11/12/2014;2934;421.89;364.69;1237825.26;167824.80
Europe;Slovenia;Cereal;Offline;3/4/2011;421;205.70;117.11;86599.70;37296.39
Sub-Saharan Africa;Botswana;Office Supplies;Online;9/5/2016;6482;651.21;524.96;4221143.22;818352.50
Central America and the Caribbean;Guatemala;Baby Food;Offline;12/20/2010;4248;255.28;159.42;1084429.44;407213.28
Sub-Saharan Africa;Seychelles ;Baby Food;Online;7/18/2012;8879;255.28;159.42;2266631.12;851140.94
Europe;Ireland;Snacks;Offline;6/24/2014;2570;152.58;97.44;392130.60;141709.80
Asia;Brunei;Office Supplies;Online;11/25/2010;9542;651.21;524.96;6213845.82;1204677.50
Australia and Oceania;Tuvalu;Baby Food;Offline;12/8/2015;1051;255.28;159.42;268299.28;100748.86
Europe;Moldova ;Personal Care;Online;6/28/2014;384;81.73;56.67;31384.32;9623.04
Sub-Saharan Africa;Senegal;Baby Food;Offline;6/18/2011;7856;255.28;159.42;2005479.68;753076.16
Sub-Saharan Africa;Angola;Cereal;Online;10/24/2012;5818;205.70;117.11;1196762.60;515416.62
Central America and the Caribbean;Trinidad and Tobago;Household;Offline;3/21/2014;3648;668.27;502.54;2437848.96;604583.04
Europe;Ukraine;Office Supplies;Offline;5/30/2012;2759;651.21;524.96;1796688.39;348323.75
Europe;Croatia;Beverages;Offline;7/19/2016;1592;47.45;31.79;75540.40;24930.72
Asia;India;Household;Online;2/19/2014;622;668.27;502.54;415663.94;103084.06
Asia;Brunei;Cosmetics;Online;9/5/2012;7352;437.20;263.33;3214294.40;1278292.24
Europe;Ukraine;Clothes;Offline;3/4/2013;1319;109.28;35.84;144140.32;96867.36
Middle East and North Africa;Egypt;Clothes;Online;11/20/2013;9091;109.28;35.84;993464.48;667643.04
Europe;Ukraine;Vegetables;Online;2/28/2014;9265;154.06;90.93;1427365.90;584899.45
Europe;Romania;Household;Online;8/12/2010;7473;668.27;502.54;4993981.71;1238500.29
Sub-Saharan Africa;Nigeria;Clothes;Offline;1/25/2016;1375;109.28;35.84;150260.00;100980.00
Sub-Saharan Africa;Namibia;Clothes;Online;5/5/2010;5664;109.28;35.84;618961.92;415964.16
North America;Canada;Vegetables;Offline;3/5/2012;7062;154.06;90.93;1087971.72;445824.06
Europe;Moldova ;Office Supplies;Online;11/17/2014;9326;651.21;524.96;6073184.46;1177407.50
Sub-Saharan Africa;Tanzania;Clothes;Online;10/23/2012;8241;109.28;35.84;900576.48;605219.04
Sub-Saharan Africa;Cape Verde;Cereal;Offline;10/9/2012;6624;205.70;117.11;1362556.80;586820.16
Europe;San Marino;Snacks;Offline;1/17/2015;9324;152.58;97.44;1422655.92;514125.36
Europe;Belgium;Household;Offline;3/11/2017;8222;668.27;502.54;5494515.94;1362632.06
Asia;Myanmar;Beverages;Offline;4/8/2010;7228;47.45;31.79;342968.60;113190.48
Middle East and North Africa;Egypt;Cereal;Online;11/24/2012;7284;205.70;117.11;1498318.80;645289.56
Sub-Saharan Africa;Guinea;Cosmetics;Online;6/25/2014;1364;437.20;263.33;596340.80;237158.68
Europe;Serbia;Household;Offline;11/4/2016;9474;668.27;502.54;6331189.98;1570126.02
Sub-Saharan Africa;Mozambique;Meat;Online;4/19/2015;3649;421.89;364.69;1539476.61;208722.80
Sub-Saharan Africa;Benin;Snacks;Online;1/3/2010;2956;152.58;97.44;451026.48;162993.84
Sub-Saharan Africa;Malawi;Meat;Offline;5/9/2017;8495;421.89;364.69;3583955.55;485914.00
Europe;Latvia;Meat;Online;2/15/2013;8394;421.89;364.69;3541344.66;480136.80
Europe;Switzerland;Personal Care;Online;1/17/2012;2816;81.73;56.67;230151.68;70568.96
Central America and the Caribbean;Dominican Republic;Personal Care;Offline;12/19/2010;8953;81.73;56.67;731728.69;224362.18
Australia and Oceania;Tuvalu;Baby Food;Online;5/18/2015;6028;255.28;159.42;1538827.84;577844.08
Europe;Monaco;Personal Care;Offline;11/25/2012;296;81.73;56.67;24192.08;7417.76
North America;United States of America;Personal Care;Online;12/13/2014;43;81.73;56.67;3514.39;1077.58
Europe;France;Household;Online;1/23/2015;587;668.27;502.54;392274.49;97283.51
Sub-Saharan Africa;Equatorial Guinea;Baby Food;Online;5/31/2015;9276;255.28;159.42;2367977.28;889197.36
Asia;Bhutan;Beverages;Offline;6/17/2015;491;47.45;31.79;23297.95;7689.06
Europe;Georgia;Personal Care;Online;9/23/2015;641;81.73;56.67;52388.93;16063.46
Europe;Finland;Cosmetics;Online;1/4/2014;3171;437.20;263.33;1386361.20;551341.77
Europe;Netherlands;Personal Care;Online;10/1/2016;3553;81.73;56.67;290386.69;89038.18
Europe;Vatican City;Snacks;Offline;7/7/2012;4292;152.58;97.44;654873.36;236660.88
Europe;Cyprus;Snacks;Offline;8/30/2013;9924;152.58;97.44;1514203.92;547209.36
Australia and Oceania;Solomon Islands;Vegetables;Offline;9/5/2014;2017;154.06;90.93;310739.02;127333.21
North America;Canada;Baby Food;Online;2/10/2011;4169;255.28;159.42;1064262.32;399640.34
Europe;Italy;Personal Care;Online;12/8/2010;7011;81.73;56.67;573009.03;175695.66
Sub-Saharan Africa;Sierra Leone;Meat;Online;8/17/2015;3203;421.89;364.69;1351313.67;183211.60
Sub-Saharan Africa;Botswana;Office Supplies;Offline;5/8/2016;2438;651.21;524.96;1587649.98;307797.50
Europe;Kosovo;Personal Care;Offline;12/4/2012;6439;81.73;56.67;526259.47;161361.34
Asia;Bhutan;Vegetables;Online;1/4/2010;3961;154.06;90.93;610231.66;250057.93
Europe;Latvia;Beverages;Online;5/1/2013;5791;47.45;31.79;274782.95;90687.06
Sub-Saharan Africa;Mauritius ;Household;Offline;10/2/2010;9745;668.27;502.54;6512291.15;1615038.85
Europe;Monaco;Office Supplies;Online;11/30/2013;5673;651.21;524.96;3694314.33;716216.25
Sub-Saharan Africa;Lesotho;Vegetables;Online;8/6/2016;455;154.06;90.93;70097.30;28724.15
Europe;Bosnia and Herzegovina;Fruits;Offline;8/22/2013;3001;9.33;6.92;27999.33;7232.41
Sub-Saharan Africa;Namibia;Cosmetics;Online;4/24/2012;9253;437.20;263.33;4045411.60;1608819.11
Asia;Laos;Clothes;Offline;5/14/2013;7186;109.28;35.84;785286.08;527739.84
Asia;Turkmenistan;Clothes;Offline;11/5/2014;1804;109.28;35.84;197141.12;132485.76
Asia;Brunei;Clothes;Online;11/6/2015;144;109.28;35.84;15736.32;10575.36
Asia;Sri Lanka;Vegetables;Online;10/1/2012;6273;154.06;90.93;966418.38;396014.49
Sub-Saharan Africa;Central African Republic;Snacks;Offline;7/29/2010;6289;152.58;97.44;959575.62;346775.46
Europe;Netherlands;Snacks;Offline;8/14/2011;3323;152.58;97.44;507023.34;183230.22
Australia and Oceania;Australia;Meat;Offline;8/31/2011;2535;421.89;364.69;1069491.15;145002.00
Asia;Laos;Cosmetics;Offline;5/11/2011;6117;437.20;263.33;2674352.40;1063562.79
Sub-Saharan Africa;Djibouti;Beverages;Offline;5/25/2012;8295;47.45;31.79;393597.75;129899.70
Asia;Vietnam;Snacks;Online;10/9/2013;322;152.58;97.44;49130.76;17755.08
Europe;Moldova ;Beverages;Online;7/13/2015;5484;47.45;31.79;260215.80;85879.44
Asia;Singapore;Cereal;Offline;12/29/2014;4099;205.70;117.11;843164.30;363130.41
Central America and the Caribbean;Costa Rica;Cosmetics;Offline;7/22/2010;8516;437.20;263.33;3723195.20;1480676.92
Central America and the Caribbean;Nicaragua;Beverages;Online;1/12/2013;8114;47.45;31.79;385009.30;127065.24
Australia and Oceania;Nauru;Cereal;Offline;8/3/2011;4305;205.70;117.11;885538.50;381379.95
Central America and the Caribbean;Panama;Cosmetics;Offline;5/18/2015;5531;437.20;263.33;2418153.20;961674.97
Central America and the Caribbean;Nicaragua;Clothes;Offline;11/28/2011;2265;109.28;35.84;247519.20;166341.60
Europe;Belgium;Vegetables;Offline;4/4/2016;2013;154.06;90.93;310122.78;127080.69
Sub-Saharan Africa;Togo;Fruits;Online;4/10/2014;4310;9.33;6.92;40212.30;10387.10
Asia;South Korea;Clothes;Online;10/19/2011;5724;109.28;35.84;625518.72;420370.56
Europe;Bulgaria;Baby Food;Online;10/1/2015;4854;255.28;159.42;1239129.12;465304.44
Central America and the Caribbean;Costa Rica;Vegetables;Online;3/2/2015;7330;154.06;90.93;1129259.80;462742.90
Sub-Saharan Africa;Angola;Personal Care;Online;4/21/2015;812;81.73;56.67;66364.76;20348.72
Sub-Saharan Africa;Kenya;Beverages;Offline;2/14/2011;9993;47.45;31.79;474167.85;156490.38
Asia;Brunei;Cereal;Online;10/17/2013;1596;205.70;117.11;328297.20;141389.64
Sub-Saharan Africa;Sao Tome and Principe;Cereal;Online;8/14/2016;9377;205.70;117.11;1928848.90;830708.43
Sub-Saharan Africa;Angola;Office Supplies;Online;12/20/2013;9122;651.21;524.96;5940337.62;1151652.50
Middle East and North Africa;Libya;Baby Food;Online;8/20/2012;3648;255.28;159.42;931261.44;349697.28
Middle East and North Africa;Algeria;Fruits;Offline;11/26/2012;7804;9.33;6.92;72811.32;18807.64
North America;Greenland;Clothes;Online;5/3/2012;3469;109.28;35.84;379092.32;254763.36
Europe;Belarus;Beverages;Offline;2/18/2017;4555;47.45;31.79;216134.75;71331.30
Sub-Saharan Africa;Gabon;Cosmetics;Online;8/19/2015;2003;437.20;263.33;875711.60;348261.61
Asia;Turkmenistan;Personal Care;Online;5/16/2012;8789;81.73;56.67;718324.97;220252.34
Asia;Japan;Household;Online;10/2/2016;4916;668.27;502.54;3285215.32;814728.68
Australia and Oceania;Papua New Guinea;Fruits;Offline;7/7/2016;2421;9.33;6.92;22587.93;5834.61
Sub-Saharan Africa;Mauritius ;Personal Care;Offline;10/29/2011;371;81.73;56.67;30321.83;9297.26
Europe;Germany;Meat;Offline;6/27/2011;9865;421.89;364.69;4161944.85;564278.00
Sub-Saharan Africa;Ghana;Baby Food;Online;1/4/2014;9032;255.28;159.42;2305688.96;865807.52
Asia;Philippines;Clothes;Online;5/27/2011;8034;109.28;35.84;877955.52;590016.96
Sub-Saharan Africa;Mali;Personal Care;Offline;8/26/2015;4063;81.73;56.67;332068.99;101818.78
Middle East and North Africa;Somalia;Cereal;Online;2/10/2017;6343;205.70;117.11;1304755.10;561926.37
Asia;Tajikistan;Beverages;Offline;12/23/2010;1129;47.45;31.79;53571.05;17680.14
Asia;Maldives;Meat;Online;3/23/2016;6706;421.89;364.69;2829194.34;383583.20
Asia;Turkmenistan;Vegetables;Online;4/4/2011;8393;154.06;90.93;1293025.58;529850.09
Middle East and North Africa;Iran;Personal Care;Online;5/22/2013;3537;81.73;56.67;289079.01;88637.22
Europe;Switzerland;Clothes;Online;7/6/2014;6519;109.28;35.84;712396.32;478755.36
Europe;Czech Republic;Snacks;Offline;2/20/2015;3750;152.58;97.44;572175.00;206775.00
Middle East and North Africa;Jordan;Baby Food;Offline;1/28/2013;8672;255.28;159.42;2213788.16;831297.92
Central America and the Caribbean;Costa Rica;Fruits;Online;10/4/2014;6758;9.33;6.92;63052.14;16286.78
Europe;Finland;Household;Online;4/30/2016;515;668.27;502.54;344159.05;85350.95
Middle East and North Africa;Saudi Arabia;Beverages;Online;12/31/2014;4477;47.45;31.79;212433.65;70109.82
Europe;Latvia;Beverages;Online;10/28/2012;213;47.45;31.79;10106.85;3335.58
Sub-Saharan Africa;Sao Tome and Principe;Vegetables;Online;12/7/2012;1320;154.06;90.93;203359.20;83331.60
Asia;China;Snacks;Online;9/23/2015;8430;152.58;97.44;1286249.40;464830.20
Middle East and North Africa;Pakistan;Beverages;Offline;2/6/2015;4202;47.45;31.79;199384.90;65803.32
Middle East and North Africa;Algeria;Fruits;Online;5/15/2017;8329;9.33;6.92;77709.57;20072.89
Europe;Liechtenstein;Beverages;Offline;10/12/2014;2535;47.45;31.79;120285.75;39698.10
Australia and Oceania;New Zealand;Personal Care;Online;12/28/2011;5575;81.73;56.67;455644.75;139709.50
Sub-Saharan Africa;Cameroon;Cosmetics;Offline;9/23/2014;8235;437.20;263.33;3600342.00;1431819.45
Sub-Saharan Africa;Sierra Leone;Cosmetics;Online;11/8/2010;8332;437.20;263.33;3642750.40;1448684.84
Central America and the Caribbean;Saint Kitts and Nevis ;Vegetables;Online;1/5/2012;5715;154.06;90.93;880452.90;360787.95
Central America and the Caribbean;Antigua and Barbuda ;Baby Food;Online;12/25/2011;7264;255.28;159.42;1854353.92;696327.04
Asia;Kazakhstan;Snacks;Online;3/4/2013;1890;152.58;97.44;288376.20;104214.60
Australia and Oceania;Marshall Islands;Beverages;Online;4/14/2015;5535;47.45;31.79;262635.75;86678.10
Australia and Oceania;Palau;Clothes;Offline;6/30/2011;6173;109.28;35.84;674585.44;453345.12
Middle East and North Africa;Morocco;Vegetables;Offline;12/28/2014;8809;154.06;90.93;1357114.54;556112.17
Sub-Saharan Africa;Cape Verde;Cereal;Online;4/20/2017;479;205.70;117.11;98530.30;42434.61
Sub-Saharan Africa;Liberia;Household;Online;10/21/2014;5250;668.27;502.54;3508417.50;870082.50
Sub-Saharan Africa;Lesotho;Meat;Offline;7/8/2012;9221;421.89;364.69;3890247.69;527441.20
Europe;France;Beverages;Offline;9/26/2012;5523;47.45;31.79;262066.35;86490.18
Asia;Japan;Fruits;Offline;4/3/2011;9315;9.33;6.92;86908.95;22449.15
Sub-Saharan Africa;Mauritania;Clothes;Offline;4/12/2016;2790;109.28;35.84;304891.20;204897.60
Europe;Switzerland;Personal Care;Offline;5/15/2014;173;81.73;56.67;14139.29;4335.38
Europe;Greece;Snacks;Online;2/1/2012;2717;152.58;97.44;414559.86;149815.38
Europe;Slovenia;Office Supplies;Offline;1/16/2017;3709;651.21;524.96;2415337.89;468261.25
Europe;Macedonia;Vegetables;Offline;6/5/2011;3467;154.06;90.93;534126.02;218871.71
North America;Mexico;Office Supplies;Online;5/5/2016;4339;651.21;524.96;2825600.19;547798.75
Sub-Saharan Africa;Angola;Office Supplies;Offline;4/27/2012;5705;651.21;524.96;3715153.05;720256.25
Europe;Portugal;Beverages;Online;3/28/2011;8976;47.45;31.79;425911.20;140564.16
Asia;Brunei;Household;Online;9/5/2014;2594;668.27;502.54;1733492.38;429903.62
Europe;Belarus;Cereal;Offline;2/25/2010;7033;205.70;117.11;1446688.10;623053.47
Central America and the Caribbean;Saint Vincent and the Grenadines;Clothes;Online;9/25/2012;9799;109.28;35.84;1070834.72;719638.56
Europe;Finland;Beverages;Online;11/5/2015;426;47.45;31.79;20213.70;6671.16
Asia;Bangladesh;Beverages;Offline;3/9/2010;5483;47.45;31.79;260168.35;85863.78
Middle East and North Africa;Azerbaijan;Beverages;Offline;3/28/2010;3568;47.45;31.79;169301.60;55874.88
Sub-Saharan Africa;Eritrea;Cosmetics;Offline;8/14/2012;311;437.20;263.33;135969.20;54073.57
North America;United States of America;Personal Care;Offline;1/5/2015;3373;81.73;56.67;275675.29;84527.38
Sub-Saharan Africa;Liberia;Vegetables;Online;5/17/2012;7447;154.06;90.93;1147284.82;470129.11
Central America and the Caribbean;The Bahamas;Cereal;Online;11/19/2015;9255;205.70;117.11;1903753.50;819900.45
Europe;Denmark;Snacks;Online;4/6/2011;2554;152.58;97.44;389689.32;140827.56
Europe;Slovakia;Fruits;Offline;8/8/2015;3129;9.33;6.92;29193.57;7540.89
Sub-Saharan Africa;Liberia;Cereal;Offline;12/22/2012;3797;205.70;117.11;781042.90;336376.23
Sub-Saharan Africa;Swaziland;Clothes;Offline;3/28/2011;9408;109.28;35.84;1028106.24;690923.52
Sub-Saharan Africa;Niger;Baby Food;Offline;7/13/2015;1841;255.28;159.42;469970.48;176478.26
Central America and the Caribbean;Barbados;Cereal;Online;11/25/2016;5007;205.70;117.11;1029939.90;443570.13
Europe;Liechtenstein;Office Supplies;Online;4/7/2011;9848;651.21;524.96;6413116.08;1243310.00
Central America and the Caribbean;The Bahamas;Fruits;Online;9/26/2010;9339;9.33;6.92;87132.87;22506.99
Central America and the Caribbean;Trinidad and Tobago;Snacks;Offline;2/18/2017;3483;152.58;97.44;531436.14;192052.62
Middle East and North Africa;Iraq;Fruits;Offline;8/19/2010;4318;9.33;6.92;40286.94;10406.38
Asia;India;Personal Care;Offline;2/11/2014;911;81.73;56.67;74456.03;22829.66
Australia and Oceania;Solomon Islands;Household;Online;8/31/2013;4360;668.27;502.54;2913657.20;722582.80
Middle East and North Africa;Kuwait;Household;Online;5/15/2015;2794;668.27;502.54;1867146.38;463049.62
Sub-Saharan Africa;Ethiopia;Baby Food;Online;3/24/2011;6377;255.28;159.42;1627920.56;611299.22
Asia;Myanmar;Clothes;Online;3/28/2013;2298;109.28;35.84;251125.44;168765.12
North America;United States of America;Office Supplies;Online;9/30/2011;9783;651.21;524.96;6370787.43;1235103.75
Sub-Saharan Africa;South Africa;Personal Care;Offline;2/4/2017;5086;81.73;56.67;415678.78;127455.16
Sub-Saharan Africa;Botswana;Household;Offline;5/28/2010;6494;668.27;502.54;4339745.38;1076250.62
Australia and Oceania;Samoa ;Fruits;Offline;7/2/2015;9323;9.33;6.92;86983.59;22468.43
Sub-Saharan Africa;Burkina Faso;Meat;Offline;11/4/2011;922;421.89;364.69;388982.58;52738.40
Asia;Maldives;Snacks;Offline;1/13/2014;5672;152.58;97.44;865433.76;312754.08
Europe;Germany;Fruits;Online;1/10/2015;9983;9.33;6.92;93141.39;24059.03
Asia;Philippines;Cereal;Online;8/12/2012;7297;205.70;117.11;1500992.90;646441.23
Sub-Saharan Africa;Guinea;Fruits;Online;3/29/2013;3089;9.33;6.92;28820.37;7444.49
Middle East and North Africa;Pakistan;Household;Online;1/16/2013;9863;668.27;502.54;6591147.01;1634594.99
Middle East and North Africa;Morocco;Cosmetics;Online;10/22/2016;2156;437.20;263.33;942603.20;374863.72
Sub-Saharan Africa;South Africa;Household;Offline;6/13/2011;1534;668.27;502.54;1025126.18;254229.82
Middle East and North Africa;Saudi Arabia;Snacks;Offline;3/26/2015;1597;152.58;97.44;243670.26;88058.58
Sub-Saharan Africa;Democratic Republic of the Congo;Fruits;Offline;6/1/2013;2973;9.33;6.92;27738.09;7164.93
Central America and the Caribbean;Saint Kitts and Nevis ;Personal Care;Online;1/17/2015;8325;81.73;56.67;680402.25;208624.50
Sub-Saharan Africa;Central African Republic;Cosmetics;Online;4/16/2011;7345;437.20;263.33;3211234.00;1277075.15
Europe;San Marino;Meat;Offline;2/8/2017;1757;421.89;364.69;741260.73;100500.40
Australia and Oceania;Samoa ;Beverages;Online;6/11/2014;314;47.45;31.79;14899.30;4917.24
Asia;North Korea;Personal Care;Online;8/5/2016;3804;81.73;56.67;310900.92;95328.24
Australia and Oceania;Samoa ;Snacks;Online;6/6/2011;44;152.58;97.44;6713.52;2426.16
Sub-Saharan Africa;Uganda;Meat;Offline;8/1/2010;8882;421.89;364.69;3747226.98;508050.40
Europe;Italy;Snacks;Offline;5/30/2015;7199;152.58;97.44;1098423.42;396952.86
Sub-Saharan Africa;Rwanda;Personal Care;Offline;3/6/2013;3904;81.73;56.67;319073.92;97834.24
Asia;Tajikistan;Clothes;Offline;2/26/2011;4942;109.28;35.84;540061.76;362940.48
Australia and Oceania;Australia;Baby Food;Offline;2/4/2010;8285;255.28;159.42;2114994.80;794200.10
Europe;Greece;Cosmetics;Online;8/11/2015;8939;437.20;263.33;3908130.80;1554223.93
Europe;Monaco;Household;Online;8/28/2011;3939;668.27;502.54;2632315.53;652810.47
North America;Canada;Fruits;Online;5/1/2017;7353;9.33;6.92;68603.49;17720.73
Australia and Oceania;Kiribati;Fruits;Offline;12/7/2014;5279;9.33;6.92;49253.07;12722.39
Europe;Bulgaria;Cosmetics;Online;5/2/2014;848;437.20;263.33;370745.60;147441.76
Middle East and North Africa;Pakistan;Cosmetics;Offline;4/27/2011;9220;437.20;263.33;4030984.00;1603081.40
Central America and the Caribbean;Jamaica;Personal Care;Online;2/6/2014;2588;81.73;56.67;211517.24;64855.28
Europe;Georgia;Meat;Online;10/25/2016;5175;421.89;364.69;2183280.75;296010.00
Central America and the Caribbean;Saint Lucia;Baby Food;Offline;11/14/2010;8237;255.28;159.42;2102741.36;789598.82
Central America and the Caribbean;Honduras;Cosmetics;Online;6/16/2011;5060;437.20;263.33;2212232.00;879782.20
Sub-Saharan Africa;Madagascar;Snacks;Online;11/27/2015;5960;152.58;97.44;909376.80;328634.40
Central America and the Caribbean;Costa Rica;Snacks;Offline;1/12/2015;3287;152.58;97.44;501530.46;181245.18
Sub-Saharan Africa;The Gambia;Baby Food;Offline;1/30/2012;6420;255.28;159.42;1638897.60;615421.20
Asia;China;Beverages;Online;5/12/2011;6771;47.45;31.79;321283.95;106033.86
Europe;Poland;Vegetables;Online;6/15/2014;2782;154.06;90.93;428594.92;175627.66
Asia;Cambodia;Personal Care;Online;6/11/2016;4927;81.73;56.67;402683.71;123470.62
Asia;Laos;Vegetables;Offline;4/4/2017;710;154.06;90.93;109382.60;44822.30
Sub-Saharan Africa;Sao Tome and Principe;Clothes;Offline;4/26/2010;9667;109.28;35.84;1056409.76;709944.48
Asia;Brunei;Fruits;Offline;8/13/2016;8366;9.33;6.92;78054.78;20162.06
Asia;Maldives;Baby Food;Online;10/8/2012;5407;255.28;159.42;1380298.96;518315.02
Australia and Oceania;Papua New Guinea;Cosmetics;Offline;7/19/2010;6417;437.20;263.33;2805512.40;1115723.79
Europe;Spain;Clothes;Online;3/13/2015;9059;109.28;35.84;989967.52;665292.96
Sub-Saharan Africa;Sierra Leone;Beverages;Offline;2/8/2014;8025;47.45;31.79;380786.25;125671.50
Middle East and North Africa;Bahrain;Fruits;Offline;11/16/2010;39;9.33;6.92;363.87;93.99
Sub-Saharan Africa;South Sudan;Snacks;Online;12/14/2013;8856;152.58;97.44;1351248.48;488319.84
Europe;Ireland;Fruits;Online;2/18/2010;261;9.33;6.92;2435.13;629.01
Europe;Moldova ;Vegetables;Offline;10/14/2013;7072;154.06;90.93;1089512.32;446455.36
Sub-Saharan Africa;Cameroon;Meat;Offline;1/17/2010;4137;421.89;364.69;1745358.93;236636.40
Middle East and North Africa;Kuwait;Office Supplies;Online;8/16/2011;3338;651.21;524.96;2173738.98;421422.50
Sub-Saharan Africa;Tanzania;Office Supplies;Online;2/22/2017;8584;651.21;524.96;5589986.64;1083730.00
Asia;Sri Lanka;Beverages;Offline;12/12/2014;818;47.45;31.79;38814.10;12809.88
Asia;North Korea;Cereal;Offline;2/22/2017;3013;205.70;117.11;619774.10;266921.67
Europe;Denmark;Fruits;Offline;6/1/2010;5176;9.33;6.92;48292.08;12474.16
Europe;Poland;Office Supplies;Online;10/18/2012;9341;651.21;524.96;6082952.61;1179301.25
Europe;Bosnia and Herzegovina;Clothes;Online;11/16/2016;4576;109.28;35.84;500065.28;336061.44
Sub-Saharan Africa;Angola;Cereal;Offline;4/26/2016;1979;205.70;117.11;407080.30;175319.61
Sub-Saharan Africa;Cape Verde;Meat;Offline;3/14/2017;9682;421.89;364.69;4084738.98;553810.40
Europe;Romania;Meat;Offline;7/12/2011;7844;421.89;364.69;3309305.16;448676.80
Europe;Moldova ;Cosmetics;Online;4/19/2011;3658;437.20;263.33;1599277.60;636016.46
Australia and Oceania;Australia;Snacks;Offline;6/6/2014;6349;152.58;97.44;968730.42;350083.86
Sub-Saharan Africa;Burundi;Vegetables;Online;2/13/2016;2169;154.06;90.93;334156.14;136928.97
Europe;Denmark;Beverages;Offline;8/17/2012;9407;47.45;31.79;446362.15;147313.62
Sub-Saharan Africa;Sudan;Fruits;Online;8/22/2012;3378;9.33;6.92;31516.74;8140.98
Middle East and North Africa;Somalia;Meat;Offline;10/7/2010;1433;421.89;364.69;604568.37;81967.60
Sub-Saharan Africa;Chad;Baby Food;Online;1/12/2014;7950;255.28;159.42;2029476.00;762087.00
Europe;Poland;Beverages;Online;5/21/2015;9341;47.45;31.79;443230.45;146280.06
Asia;Maldives;Office Supplies;Offline;8/17/2012;9048;651.21;524.96;5892148.08;1142310.00
Asia;India;Vegetables;Offline;3/12/2012;2545;154.06;90.93;392082.70;160665.85
Middle East and North Africa;Egypt;Snacks;Offline;3/26/2010;2337;152.58;97.44;356579.46;128862.18
Middle East and North Africa;Tunisia ;Household;Online;7/9/2011;2959;668.27;502.54;1977410.93;490395.07
Europe;Luxembourg;Household;Offline;7/18/2010;5980;668.27;502.54;3996254.60;991065.40
Sub-Saharan Africa;Burundi;Meat;Offline;6/6/2010;4998;421.89;364.69;2108606.22;285885.60
Europe;Serbia;Beverages;Offline;7/31/2011;642;47.45;31.79;30462.90;10053.72
Asia;Tajikistan;Vegetables;Offline;6/19/2015;5574;154.06;90.93;858730.44;351886.62
Europe;Bosnia and Herzegovina;Vegetables;Offline;4/2/2013;9487;154.06;90.93;1461567.22;598914.31
Central America and the Caribbean;Honduras;Fruits;Offline;5/2/2012;4103;9.33;6.92;38280.99;9888.23
Asia;North Korea;Meat;Online;5/14/2017;8178;421.89;364.69;3450216.42;467781.60
Europe;Russia;Fruits;Offline;5/13/2011;2498;9.33;6.92;23306.34;6020.18
Middle East and North Africa;Afghanistan;Household;Online;6/22/2012;4881;668.27;502.54;3261825.87;808928.13
Middle East and North Africa;Saudi Arabia;Snacks;Offline;3/13/2017;5174;152.58;97.44;789448.92;285294.36
Europe;Andorra;Snacks;Offline;9/27/2011;258;152.58;97.44;39365.64;14226.12
Sub-Saharan Africa;Comoros;Meat;Offline;8/28/2013;9044;421.89;364.69;3815573.16;517316.80
Europe;Germany;Snacks;Online;1/26/2015;7474;152.58;97.44;1140382.92;412116.36
Australia and Oceania;Marshall Islands;Office Supplies;Offline;9/27/2016;3522;651.21;524.96;2293561.62;444652.50
Central America and the Caribbean;Belize;Cereal;Offline;9/13/2016;2194;205.70;117.11;451305.80;194366.46
Middle East and North Africa;Somalia;Office Supplies;Online;1/21/2014;524;651.21;524.96;341234.04;66155.00
Europe;Finland;Baby Food;Online;10/3/2012;2580;255.28;159.42;658622.40;247318.80
Middle East and North Africa;Afghanistan;Fruits;Offline;4/1/2010;4461;9.33;6.92;41621.13;10751.01
Europe;Estonia;Personal Care;Offline;5/26/2016;9298;81.73;56.67;759925.54;233007.88
Europe;Russia;Fruits;Offline;11/9/2011;2250;9.33;6.92;20992.50;5422.50
Europe;Slovenia;Meat;Online;5/25/2012;5510;421.89;364.69;2324613.90;315172.00
Middle East and North Africa;Turkey;Meat;Offline;2/29/2012;3303;421.89;364.69;1393502.67;188931.60
Australia and Oceania;Tonga;Office Supplies;Offline;2/16/2010;6883;651.21;524.96;4482278.43;868978.75
Sub-Saharan Africa;Mali;Cereal;Offline;12/1/2013;9535;205.70;117.11;1961349.50;844705.65
Middle East and North Africa;Saudi Arabia;Meat;Online;4/14/2013;1578;421.89;364.69;665742.42;90261.60
Sub-Saharan Africa;Botswana;Meat;Offline;3/12/2014;5360;421.89;364.69;2261330.40;306592.00
Sub-Saharan Africa;Zimbabwe;Snacks;Online;4/25/2012;261;152.58;97.44;39823.38;14391.54
Central America and the Caribbean;Trinidad and Tobago;Cosmetics;Online;12/16/2011;7692;437.20;263.33;3362942.40;1337408.04
Australia and Oceania;New Zealand;Cosmetics;Offline;9/14/2014;6095;437.20;263.33;2664734.00;1059737.65
Sub-Saharan Africa;Malawi;Vegetables;Offline;8/21/2015;5945;154.06;90.93;915886.70;375307.85
North America;Mexico;Cereal;Online;9/6/2014;4745;205.70;117.11;976046.50;420359.55
Europe;Macedonia;Snacks;Offline;11/2/2012;2033;152.58;97.44;310195.14;112099.62
Asia;Mongolia;Snacks;Offline;12/13/2015;4375;152.58;97.44;667537.50;241237.50
Asia;South Korea;Vegetables;Online;10/12/2015;370;154.06;90.93;57002.20;23358.10
Middle East and North Africa;United Arab Emirates;Office Supplies;Offline;7/8/2016;5648;651.21;524.96;3678034.08;713060.00
Europe;Switzerland;Cosmetics;Online;11/7/2015;7871;437.20;263.33;3441201.20;1368530.77
Asia;Bhutan;Household;Online;4/22/2016;1729;668.27;502.54;1155438.83;286547.17
Sub-Saharan Africa;Niger;Personal Care;Offline;11/29/2013;3948;81.73;56.67;322670.04;98936.88
Europe;Slovakia;Baby Food;Offline;2/11/2017;8282;255.28;159.42;2114228.96;793912.52
Europe;Denmark;Meat;Offline;9/17/2012;517;421.89;364.69;218117.13;29572.40
Asia;Uzbekistan;Snacks;Offline;1/26/2015;3471;152.58;97.44;529605.18;191390.94
North America;United States of America;Office Supplies;Offline;11/24/2016;1992;651.21;524.96;1297210.32;251490.00
Central America and the Caribbean;Jamaica;Cereal;Online;10/5/2015;7959;205.70;117.11;1637166.30;705087.81
Europe;Austria;Beverages;Offline;4/15/2010;5286;47.45;31.79;250820.70;82778.76
Sub-Saharan Africa;South Sudan;Personal Care;Offline;7/12/2011;4912;81.73;56.67;401457.76;123094.72
Central America and the Caribbean;Grenada;Cereal;Offline;6/15/2016;9813;205.70;117.11;2018534.10;869333.67
Asia;Maldives;Snacks;Offline;9/30/2011;9993;152.58;97.44;1524731.94;551014.02
Sub-Saharan Africa;Liberia;Clothes;Online;6/8/2015;7488;109.28;35.84;818288.64;549918.72
Central America and the Caribbean;Saint Kitts and Nevis ;Cereal;Online;7/17/2012;1366;205.70;117.11;280986.20;121013.94
Europe;Liechtenstein;Household;Online;11/15/2011;2724;668.27;502.54;1820367.48;451448.52
Middle East and North Africa;Tunisia ;Meat;Offline;12/7/2011;9694;421.89;364.69;4089801.66;554496.80
Middle East and North Africa;Somalia;Cosmetics;Offline;4/20/2012;2437;437.20;263.33;1065456.40;423721.19
Sub-Saharan Africa;Namibia;Household;Online;5/28/2017;8144;668.27;502.54;5442390.88;1349705.12
Europe;Germany;Meat;Offline;1/4/2010;6039;421.89;364.69;2547793.71;345430.80
Central America and the Caribbean;Antigua and Barbuda ;Fruits;Online;8/12/2015;2377;9.33;6.92;22177.41;5728.57
Asia;North Korea;Office Supplies;Online;4/29/2015;5445;651.21;524.96;3545838.45;687431.25
Sub-Saharan Africa;Sao Tome and Principe;Meat;Offline;4/4/2010;559;421.89;364.69;235836.51;31974.80
Sub-Saharan Africa;Sierra Leone;Clothes;Online;3/2/2010;5069;109.28;35.84;553940.32;372267.36
Europe;Latvia;Office Supplies;Offline;7/3/2014;3353;651.21;524.96;2183507.13;423316.25
Central America and the Caribbean;Honduras;Clothes;Offline;3/20/2016;1824;109.28;35.84;199326.72;133954.56
Asia;Sri Lanka;Snacks;Online;2/10/2013;3924;152.58;97.44;598723.92;216369.36
Europe;France;Household;Offline;8/16/2011;5126;668.27;502.54;3425552.02;849531.98
Middle East and North Africa;Iran;Cosmetics;Offline;6/19/2015;7935;437.20;263.33;3469182.00;1379658.45
Europe;Georgia;Fruits;Online;4/11/2014;6888;9.33;6.92;64265.04;16600.08
Asia;Cambodia;Snacks;Online;2/10/2010;3551;152.58;97.44;541811.58;195802.14
Middle East and North Africa;Jordan;Office Supplies;Online;9/3/2013;1524;651.21;524.96;992444.04;192405.00
Europe;Bosnia and Herzegovina;Clothes;Offline;3/20/2010;1436;109.28;35.84;156926.08;105459.84
Sub-Saharan Africa;Benin;Vegetables;Offline;5/10/2016;5948;154.06;90.93;916348.88;375497.24
Australia and Oceania;Samoa ;Household;Offline;9/10/2015;4753;668.27;502.54;3176287.31;787714.69
Sub-Saharan Africa;Mauritius ;Fruits;Offline;8/10/2015;9575;9.33;6.92;89334.75;23075.75
Middle East and North Africa;Jordan;Fruits;Online;3/12/2013;9167;9.33;6.92;85528.11;22092.47
Australia and Oceania;New Zealand;Baby Food;Online;3/7/2014;4317;255.28;159.42;1102043.76;413827.62
Europe;Italy;Clothes;Online;12/30/2013;2842;109.28;35.84;310573.76;208716.48
Central America and the Caribbean;Nicaragua;Vegetables;Online;9/18/2016;4591;154.06;90.93;707289.46;289829.83
Middle East and North Africa;Saudi Arabia;Cereal;Offline;2/11/2016;6442;205.70;117.11;1325119.40;570696.78
Central America and the Caribbean;Panama;Household;Offline;8/10/2014;7308;668.27;502.54;4883717.16;1211154.84
Sub-Saharan Africa;Angola;Cereal;Offline;11/21/2011;3131;205.70;117.11;644046.70;277375.29
Asia;India;Baby Food;Offline;4/14/2016;1885;255.28;159.42;481202.80;180696.10
Sub-Saharan Africa;Rwanda;Fruits;Online;9/11/2010;8573;9.33;6.92;79986.09;20660.93
Asia;Sri Lanka;Office Supplies;Online;12/6/2016;233;651.21;524.96;151731.93;29416.25
Middle East and North Africa;Libya;Baby Food;Online;3/25/2016;932;255.28;159.42;237920.96;89341.52
Europe;Malta;Office Supplies;Online;8/11/2013;6769;651.21;524.96;4408040.49;854586.25
Europe;Moldova ;Cosmetics;Offline;5/16/2011;873;437.20;263.33;381675.60;151788.51
Sub-Saharan Africa;Kenya;Meat;Offline;11/12/2012;8405;421.89;364.69;3545985.45;480766.00
Europe;Moldova ;Household;Offline;3/3/2011;1558;668.27;502.54;1041164.66;258207.34
Middle East and North Africa;Pakistan;Clothes;Online;7/22/2015;4556;109.28;35.84;497879.68;334592.64
Europe;Kosovo;Baby Food;Offline;6/6/2017;8653;255.28;159.42;2208937.84;829476.58
Asia;South Korea;Cosmetics;Online;11/6/2016;7136;437.20;263.33;3119859.20;1240736.32
Sub-Saharan Africa;Equatorial Guinea;Vegetables;Offline;2/19/2011;321;154.06;90.93;49453.26;20264.73
Sub-Saharan Africa;Namibia;Vegetables;Online;10/30/2013;558;154.06;90.93;85965.48;35226.54
Asia;Uzbekistan;Snacks;Online;1/8/2013;7227;152.58;97.44;1102695.66;398496.78
Europe;France;Personal Care;Online;1/9/2013;1738;81.73;56.67;142046.74;43554.28
Europe;Vatican City;Fruits;Online;6/5/2015;2534;9.33;6.92;23642.22;6106.94
Central America and the Caribbean;Trinidad and Tobago;Fruits;Online;4/20/2015;88;9.33;6.92;821.04;212.08
Asia;Maldives;Cereal;Online;7/30/2012;1906;205.70;117.11;392064.20;168852.54
Asia;South Korea;Cereal;Offline;10/31/2015;7524;205.70;117.11;1547686.80;666551.16
Middle East and North Africa;Oman;Personal Care;Offline;10/3/2015;3509;81.73;56.67;286790.57;87935.54
Asia;Philippines;Clothes;Offline;9/8/2011;8459;109.28;35.84;924399.52;621228.96
Central America and the Caribbean;Honduras;Snacks;Offline;5/24/2015;8005;152.58;97.44;1221402.90;441395.70
Central America and the Caribbean;Dominica;Clothes;Online;12/23/2016;9807;109.28;35.84;1071708.96;720226.08
Middle East and North Africa;Libya;Personal Care;Offline;5/30/2011;8558;81.73;56.67;699445.34;214463.48
Central America and the Caribbean;Belize;Cosmetics;Offline;6/3/2017;982;437.20;263.33;429330.40;170740.34
Middle East and North Africa;Azerbaijan;Vegetables;Online;3/6/2013;834;154.06;90.93;128486.04;52650.42
Europe;France;Snacks;Offline;10/7/2015;3899;152.58;97.44;594909.42;214990.86
Sub-Saharan Africa;Togo;Office Supplies;Offline;10/29/2016;2995;651.21;524.96;1950373.95;378118.75
Europe;Russia;Personal Care;Offline;8/26/2016;2971;81.73;56.67;242819.83;74453.26
Asia;Sri Lanka;Snacks;Offline;10/19/2012;5706;152.58;97.44;870621.48;314628.84
Sub-Saharan Africa;Ethiopia;Household;Offline;6/23/2011;5112;668.27;502.54;3416196.24;847211.76
Sub-Saharan Africa;Comoros;Office Supplies;Online;2/26/2016;2132;651.21;524.96;1388379.72;269165.00
Middle East and North Africa;Oman;Fruits;Online;3/27/2016;9737;9.33;6.92;90846.21;23466.17
Sub-Saharan Africa;South Sudan;Personal Care;Offline;7/19/2013;7935;81.73;56.67;648527.55;198851.10
Middle East and North Africa;Jordan;Vegetables;Offline;12/21/2010;8760;154.06;90.93;1349565.60;553018.80
Asia;Japan;Household;Offline;4/2/2016;1280;668.27;502.54;855385.60;212134.40
Middle East and North Africa;Morocco;Office Supplies;Offline;6/21/2015;6594;651.21;524.96;4294078.74;832492.50
Sub-Saharan Africa;South Africa;Household;Offline;9/17/2014;2832;668.27;502.54;1892540.64;469347.36
Asia;Mongolia;Cereal;Offline;7/20/2013;154;205.70;117.11;31677.80;13642.86
Europe;Belarus;Office Supplies;Online;5/30/2016;5754;651.21;524.96;3747062.34;726442.50
Sub-Saharan Africa;Senegal;Vegetables;Online;8/22/2013;8854;154.06;90.93;1364047.24;558953.02
Europe;Slovenia;Office Supplies;Offline;8/1/2015;5710;651.21;524.96;3718409.10;720887.50
Sub-Saharan Africa;Namibia;Cosmetics;Online;12/3/2010;4608;437.20;263.33;2014617.60;801192.96
Sub-Saharan Africa;Sudan;Baby Food;Online;12/3/2015;864;255.28;159.42;220561.92;82823.04
Central America and the Caribbean;The Bahamas;Cosmetics;Offline;1/14/2010;1829;437.20;263.33;799638.80;318008.23
Middle East and North Africa;Afghanistan;Cereal;Online;6/13/2015;1881;205.70;117.11;386921.70;166637.79
Sub-Saharan Africa;Nigeria;Clothes;Offline;7/11/2017;7432;109.28;35.84;812168.96;545806.08
Middle East and North Africa;Morocco;Meat;Online;1/26/2014;1925;421.89;364.69;812138.25;110110.00
Sub-Saharan Africa;Cote d'Ivoire;Cereal;Online;7/11/2011;832;205.70;117.11;171142.40;73706.88
Middle East and North Africa;Syria;Clothes;Offline;8/7/2013;6659;109.28;35.84;727695.52;489036.96
Europe;United Kingdom;Cereal;Offline;7/3/2017;3941;205.70;117.11;810663.70;349133.19
Sub-Saharan Africa;Burundi;Cosmetics;Online;2/25/2010;4247;437.20;263.33;1856788.40;738425.89
Sub-Saharan Africa;Ghana;Office Supplies;Offline;5/23/2017;1175;651.21;524.96;765171.75;148343.75
Middle East and North Africa;Jordan;Clothes;Online;11/24/2016;5355;109.28;35.84;585194.40;393271.20
Europe;Albania;Meat;Online;2/23/2010;9447;421.89;364.69;3985594.83;540368.40
Sub-Saharan Africa;Chad;Fruits;Offline;1/11/2011;3145;9.33;6.92;29342.85;7579.45
Asia;Mongolia;Vegetables;Online;10/13/2011;8171;154.06;90.93;1258824.26;515835.23
Europe;Kosovo;Fruits;Online;1/24/2017;3281;9.33;6.92;30611.73;7907.21
Europe;Sweden;Baby Food;Online;6/20/2017;9262;255.28;159.42;2364403.36;887855.32
Sub-Saharan Africa;Burundi;Beverages;Offline;12/28/2015;3929;47.45;31.79;186431.05;61528.14
Asia;Mongolia;Cereal;Online;9/14/2016;7132;205.70;117.11;1467052.40;631823.88
Middle East and North Africa;Tunisia ;Office Supplies;Offline;5/22/2013;5752;651.21;524.96;3745759.92;726190.00
Central America and the Caribbean;Jamaica;Beverages;Offline;1/12/2016;8698;47.45;31.79;412720.10;136210.68
Asia;China;Meat;Online;10/1/2016;1913;421.89;364.69;807075.57;109423.60
Middle East and North Africa;Iran;Snacks;Online;4/22/2016;3372;152.58;97.44;514499.76;185932.08
Middle East and North Africa;Iraq;Household;Offline;9/24/2012;8078;668.27;502.54;5398285.06;1338766.94
Asia;Japan;Meat;Offline;9/14/2012;3068;421.89;364.69;1294358.52;175489.60
Asia;Uzbekistan;Cereal;Offline;8/8/2012;2410;205.70;117.11;495737.00;213501.90
Sub-Saharan Africa;Ghana;Clothes;Offline;6/12/2017;2201;109.28;35.84;240525.28;161641.44
Central America and the Caribbean;Cuba;Baby Food;Online;5/21/2014;5573;255.28;159.42;1422675.44;534227.78
Middle East and North Africa;Algeria;Beverages;Online;5/8/2014;7685;47.45;31.79;364653.25;120347.10
Europe;Moldova ;Baby Food;Offline;5/31/2010;731;255.28;159.42;186609.68;70073.66
Middle East and North Africa;Tunisia ;Cosmetics;Offline;11/5/2011;8934;437.20;263.33;3905944.80;1553354.58
Sub-Saharan Africa;Seychelles ;Clothes;Offline;1/23/2010;3548;109.28;35.84;387725.44;260565.12
Europe;Hungary;Office Supplies;Online;9/7/2012;7861;651.21;524.96;5119161.81;992451.25
Europe;Belgium;Office Supplies;Online;1/13/2017;2189;651.21;524.96;1425498.69;276361.25
Asia;North Korea;Vegetables;Online;12/8/2013;8881;154.06;90.93;1368206.86;560657.53
Europe;Malta;Cereal;Offline;3/15/2014;7317;205.70;117.11;1505106.90;648213.03
Asia;Philippines;Cosmetics;Online;7/27/2014;8908;437.20;263.33;3894577.60;1548833.96
Middle East and North Africa;Azerbaijan;Meat;Offline;8/15/2016;2097;421.89;364.69;884703.33;119948.40
Central America and the Caribbean;Barbados;Vegetables;Offline;6/10/2015;7357;154.06;90.93;1133419.42;464447.41
Sub-Saharan Africa;Burkina Faso;Fruits;Offline;12/13/2010;2192;9.33;6.92;20451.36;5282.72
Sub-Saharan Africa;Ethiopia;Meat;Online;9/22/2011;6140;421.89;364.69;2590404.60;351208.00
Europe;Luxembourg;Meat;Offline;1/12/2016;5767;421.89;364.69;2433039.63;329872.40
Middle East and North Africa;Lebanon;Office Supplies;Offline;8/22/2015;9673;651.21;524.96;6299154.33;1221216.25
Asia;Indonesia;Office Supplies;Offline;9/27/2014;3486;651.21;524.96;2270118.06;440107.50
Sub-Saharan Africa;Democratic Republic of the Congo;Meat;Online;1/4/2011;4868;421.89;364.69;2053760.52;278449.60
Europe;Romania;Clothes;Online;7/22/2014;8512;109.28;35.84;930191.36;625121.28
Europe;Greece;Snacks;Offline;10/31/2013;1141;152.58;97.44;174093.78;62914.74
Sub-Saharan Africa;Tanzania;Beverages;Offline;4/15/2017;6510;47.45;31.79;308899.50;101946.60
Europe;Malta;Office Supplies;Offline;9/19/2011;406;651.21;524.96;264391.26;51257.50
Sub-Saharan Africa;Djibouti;Fruits;Online;6/27/2011;5644;9.33;6.92;52658.52;13602.04
Europe;Portugal;Snacks;Offline;11/16/2016;7075;152.58;97.44;1079503.50;390115.50
Sub-Saharan Africa;Angola;Snacks;Offline;4/24/2010;6578;152.58;97.44;1003671.24;362710.92
Middle East and North Africa;Yemen;Personal Care;Offline;2/18/2013;8064;81.73;56.67;659070.72;202083.84
Central America and the Caribbean;Guatemala;Office Supplies;Online;9/6/2013;2476;651.21;524.96;1612395.96;312595.00
Sub-Saharan Africa;Togo;Household;Offline;6/29/2016;2787;668.27;502.54;1862468.49;461889.51
Sub-Saharan Africa;Ethiopia;Meat;Offline;10/28/2015;9002;421.89;364.69;3797853.78;514914.40
Central America and the Caribbean;Saint Vincent and the Grenadines;Baby Food;Online;7/23/2014;3157;255.28;159.42;805918.96;302630.02
Europe;Sweden;Office Supplies;Online;11/11/2012;4320;651.21;524.96;2813227.20;545400.00
Asia;Maldives;Office Supplies;Online;12/21/2011;3589;651.21;524.96;2337192.69;453111.25
Central America and the Caribbean;Antigua and Barbuda ;Cereal;Offline;5/23/2010;9094;205.70;117.11;1870635.80;805637.46
Australia and Oceania;Tonga;Cereal;Offline;4/9/2015;997;205.70;117.11;205082.90;88324.23
Sub-Saharan Africa;Mozambique;Vegetables;Online;11/22/2015;6489;154.06;90.93;999695.34;409650.57
Europe;Macedonia;Vegetables;Online;3/3/2010;4794;154.06;90.93;738563.64;302645.22
Europe;Slovenia;Clothes;Offline;1/9/2016;2168;109.28;35.84;236919.04;159217.92
Sub-Saharan Africa;Botswana;Baby Food;Offline;7/25/2014;6896;255.28;159.42;1760410.88;661050.56
Australia and Oceania;Solomon Islands;Personal Care;Online;6/26/2014;4295;81.73;56.67;351030.35;107632.70
Europe;Bulgaria;Clothes;Offline;5/20/2010;1715;109.28;35.84;187415.20;125949.60
Australia and Oceania;Palau;Snacks;Offline;11/11/2016;3535;152.58;97.44;539370.30;194919.90
Asia;Thailand;Beverages;Online;9/25/2011;6166;47.45;31.79;292576.70;96559.56
Europe;Hungary;Vegetables;Offline;7/3/2015;3051;154.06;90.93;470037.06;192609.63
Middle East and North Africa;Egypt;Clothes;Online;11/25/2011;9663;109.28;35.84;1055972.64;709650.72
Europe;Ireland;Meat;Offline;3/16/2012;8507;421.89;364.69;3589018.23;486600.40
Sub-Saharan Africa;Eritrea;Cosmetics;Online;8/19/2013;4120;437.20;263.33;1801264.00;716344.40
Europe;Lithuania;Household;Offline;9/1/2010;8068;668.27;502.54;5391602.36;1337109.64
Europe;Liechtenstein;Household;Online;1/3/2014;3951;668.27;502.54;2640334.77;654799.23
Asia;Vietnam;Beverages;Offline;6/25/2016;2398;47.45;31.79;113785.10;37552.68
Australia and Oceania;Kiribati;Snacks;Online;12/27/2011;6071;152.58;97.44;926313.18;334754.94
Europe;Spain;Baby Food;Offline;5/31/2014;4661;255.28;159.42;1189860.08;446803.46
Europe;Lithuania;Household;Online;1/1/2016;9893;668.27;502.54;6611195.11;1639566.89
Central America and the Caribbean;Trinidad and Tobago;Vegetables;Offline;11/3/2013;521;154.06;90.93;80265.26;32890.73
Asia;Taiwan;Cosmetics;Offline;8/28/2013;7331;437.20;263.33;3205113.20;1274640.97
Asia;Kazakhstan;Office Supplies;Online;11/19/2010;8141;651.21;524.96;5301500.61;1027801.25
Central America and the Caribbean;Grenada;Baby Food;Online;3/3/2017;2799;255.28;159.42;714528.72;268312.14
Europe;Denmark;Cereal;Offline;2/20/2011;8186;205.70;117.11;1683860.20;725197.74
Sub-Saharan Africa;Burkina Faso;Office Supplies;Online;5/11/2010;3212;651.21;524.96;2091686.52;405515.00
Europe;Norway;Cosmetics;Online;7/8/2014;3820;437.20;263.33;1670104.00;664183.40
Europe;Italy;Clothes;Online;10/19/2016;7984;109.28;35.84;872491.52;586344.96
Central America and the Caribbean;Costa Rica;Cosmetics;Online;3/31/2015;708;437.20;263.33;309537.60;123099.96
Asia;India;Snacks;Offline;7/11/2016;9028;152.58;97.44;1377492.24;497803.92
Asia;Turkmenistan;Office Supplies;Offline;1/9/2017;7012;651.21;524.96;4566284.52;885265.00
Middle East and North Africa;Bahrain;Vegetables;Online;3/8/2014;759;154.06;90.93;116931.54;47915.67
Sub-Saharan Africa;Liberia;Baby Food;Online;4/20/2010;3398;255.28;159.42;867441.44;325732.28
Central America and the Caribbean;Dominica;Personal Care;Online;4/22/2016;90;81.73;56.67;7355.70;2255.40
Europe;Slovakia;Meat;Online;2/16/2010;3028;421.89;364.69;1277482.92;173201.60
Europe;Finland;Snacks;Offline;3/8/2016;6436;152.58;97.44;982004.88;354881.04
Europe;Kosovo;Household;Offline;9/28/2010;1569;668.27;502.54;1048515.63;260030.37
Sub-Saharan Africa;Eritrea;Beverages;Offline;7/25/2016;1711;47.45;31.79;81186.95;26794.26
Australia and Oceania;East Timor;Personal Care;Offline;11/2/2015;7182;81.73;56.67;586984.86;179980.92
Europe;Estonia;Meat;Offline;7/9/2014;329;421.89;364.69;138801.81;18818.80
Sub-Saharan Africa;Guinea;Office Supplies;Online;11/9/2015;533;651.21;524.96;347094.93;67291.25
Sub-Saharan Africa;Zimbabwe;Baby Food;Offline;8/2/2016;9204;255.28;159.42;2349597.12;882295.44
Sub-Saharan Africa;Sao Tome and Principe;Beverages;Online;9/19/2010;4785;47.45;31.79;227048.25;74933.10
North America;Mexico;Personal Care;Online;1/19/2016;7750;81.73;56.67;633407.50;194215.00
Europe;Finland;Personal Care;Offline;5/14/2017;5603;81.73;56.67;457933.19;140411.18
Europe;Sweden;Cereal;Offline;8/30/2015;7881;205.70;117.11;1621121.70;698177.79
Sub-Saharan Africa;Botswana;Household;Online;10/13/2016;1151;668.27;502.54;769178.77;190755.23
Europe;Hungary;Fruits;Online;6/29/2012;4011;9.33;6.92;37422.63;9666.51
Europe;Ukraine;Fruits;Online;7/23/2014;2092;9.33;6.92;19518.36;5041.72
Australia and Oceania;Australia;Office Supplies;Online;1/31/2013;3055;651.21;524.96;1989446.55;385693.75
Sub-Saharan Africa;Liberia;Baby Food;Online;8/9/2010;1591;255.28;159.42;406150.48;152513.26
Middle East and North Africa;Pakistan;Clothes;Offline;9/19/2010;4425;109.28;35.84;483564.00;324972.00
Sub-Saharan Africa;Cameroon;Household;Offline;4/19/2014;5312;668.27;502.54;3549850.24;880357.76
Central America and the Caribbean;Belize;Cosmetics;Offline;9/19/2015;37;437.20;263.33;16176.40;6433.19
Central America and the Caribbean;Jamaica;Fruits;Offline;3/10/2014;1419;9.33;6.92;13239.27;3419.79
Europe;Switzerland;Vegetables;Online;1/2/2010;4305;154.06;90.93;663228.30;271774.65
Europe;Albania;Baby Food;Online;11/15/2015;575;255.28;159.42;146786.00;55119.50
Sub-Saharan Africa;Sao Tome and Principe;Household;Online;4/9/2015;4141;668.27;502.54;2767306.07;686287.93
Central America and the Caribbean;Barbados;Household;Online;9/7/2011;5946;668.27;502.54;3973533.42;985430.58
Central America and the Caribbean;Saint Kitts and Nevis ;Cosmetics;Online;3/22/2017;8962;437.20;263.33;3918186.40;1558222.94
Sub-Saharan Africa;Botswana;Household;Online;12/31/2010;3194;668.27;502.54;2134454.38;529341.62
Middle East and North Africa;Iran;Beverages;Offline;1/16/2011;680;47.45;31.79;32266.00;10648.80
Asia;India;Vegetables;Offline;7/8/2017;485;154.06;90.93;74719.10;30618.05
Asia;Brunei;Meat;Offline;7/7/2016;3709;421.89;364.69;1564790.01;212154.80
Europe;Belgium;Household;Offline;2/11/2014;8482;668.27;502.54;5668266.14;1405721.86
Australia and Oceania;Federated States of Micronesia;Vegetables;Online;6/18/2017;4964;154.06;90.93;764753.84;313377.32
Europe;Macedonia;Meat;Offline;11/4/2015;349;421.89;364.69;147239.61;19962.80
Asia;Japan;Personal Care;Offline;9/29/2014;3860;81.73;56.67;315477.80;96731.60
Central America and the Caribbean;Antigua and Barbuda ;Vegetables;Online;12/8/2016;1751;154.06;90.93;269759.06;110540.63
Central America and the Caribbean;Cuba;Cereal;Online;2/9/2011;2308;205.70;117.11;474755.60;204465.72
Asia;Uzbekistan;Office Supplies;Offline;7/9/2013;850;651.21;524.96;553528.50;107312.50
Asia;Thailand;Meat;Offline;3/15/2011;4725;421.89;364.69;1993430.25;270270.00
Sub-Saharan Africa;Nigeria;Snacks;Offline;3/8/2011;8313;152.58;97.44;1268397.54;458378.82
Europe;Russia;Vegetables;Offline;12/26/2013;8024;154.06;90.93;1236177.44;506555.12
Central America and the Caribbean;El Salvador;Vegetables;Offline;5/29/2017;7301;154.06;90.93;1124792.06;460912.13
Sub-Saharan Africa;Burkina Faso;Household;Offline;9/29/2012;1619;668.27;502.54;1081929.13;268316.87
Central America and the Caribbean;Costa Rica;Office Supplies;Offline;4/15/2011;3481;651.21;524.96;2266862.01;439476.25
Asia;Indonesia;Vegetables;Offline;3/28/2010;7424;154.06;90.93;1143741.44;468677.12
Middle East and North Africa;Lebanon;Office Supplies;Offline;8/28/2011;5015;651.21;524.96;3265818.15;633143.75
Asia;Philippines;Cereal;Offline;2/6/2011;9852;205.70;117.11;2026556.40;872788.68
Middle East and North Africa;Algeria;Vegetables;Offline;7/16/2016;2567;154.06;90.93;395472.02;162054.71
Sub-Saharan Africa;Botswana;Vegetables;Offline;4/20/2014;5820;154.06;90.93;896629.20;367416.60
Europe;Georgia;Beverages;Online;9/13/2010;9302;47.45;31.79;441379.90;145669.32
Sub-Saharan Africa;Madagascar;Cosmetics;Offline;2/14/2013;4739;437.20;263.33;2071890.80;823969.93
Australia and Oceania;Tonga;Household;Offline;2/1/2011;885;668.27;502.54;591418.95;146671.05
Sub-Saharan Africa;Lesotho;Meat;Offline;4/27/2010;8525;421.89;364.69;3596612.25;487630.00
Europe;Romania;Baby Food;Online;10/28/2013;5478;255.28;159.42;1398423.84;525121.08
Middle East and North Africa;Iraq;Cereal;Online;7/14/2010;1591;205.70;117.11;327268.70;140946.69
Europe;San Marino;Snacks;Offline;12/7/2016;3745;152.58;97.44;571412.10;206499.30
Sub-Saharan Africa;Liberia;Cereal;Offline;9/23/2012;852;205.70;117.11;175256.40;75478.68
Australia and Oceania;Marshall Islands;Beverages;Offline;10/2/2012;8852;47.45;31.79;420027.40;138622.32
Central America and the Caribbean;Trinidad and Tobago;Beverages;Offline;3/12/2010;5721;47.45;31.79;271461.45;89590.86
Asia;Japan;Beverages;Online;8/28/2010;6462;47.45;31.79;306621.90;101194.92
Asia;Mongolia;Vegetables;Online;3/31/2013;8113;154.06;90.93;1249888.78;512173.69
Middle East and North Africa;Israel;Beverages;Online;5/6/2014;4739;47.45;31.79;224865.55;74212.74
Central America and the Caribbean;Nicaragua;Cereal;Online;5/24/2011;2441;205.70;117.11;502113.70;216248.19
Asia;Malaysia;Cosmetics;Offline;4/6/2014;4348;437.20;263.33;1900945.60;755986.76
Asia;Mongolia;Office Supplies;Offline;3/2/2011;5620;651.21;524.96;3659800.20;709525.00
Central America and the Caribbean;Guatemala;Fruits;Online;4/26/2010;8451;9.33;6.92;78847.83;20366.91
Europe;Spain;Personal Care;Online;6/3/2013;7064;81.73;56.67;577340.72;177023.84
Australia and Oceania;Solomon Islands;Clothes;Online;11/22/2011;2714;109.28;35.84;296585.92;199316.16
Middle East and North Africa;Iraq;Personal Care;Offline;5/6/2013;8687;81.73;56.67;709988.51;217696.22
Central America and the Caribbean;Haiti;Baby Food;Offline;2/9/2015;5300;255.28;159.42;1352984.00;508058.00
Sub-Saharan Africa;Burundi;Beverages;Offline;7/29/2015;4902;47.45;31.79;232599.90;76765.32
Middle East and North Africa;Iraq;Baby Food;Offline;5/31/2010;6874;255.28;159.42;1754794.72;658941.64
Sub-Saharan Africa;Madagascar;Baby Food;Offline;7/3/2011;2625;255.28;159.42;670110.00;251632.50
Central America and the Caribbean;Guatemala;Meat;Online;11/10/2012;599;421.89;364.69;252712.11;34262.80
Central America and the Caribbean;Costa Rica;Baby Food;Offline;2/18/2017;1268;255.28;159.42;323695.04;121550.48
Asia;Laos;Cereal;Online;9/6/2016;2139;205.70;117.11;439992.30;189494.01
Europe;Czech Republic;Beverages;Online;7/2/2012;2747;47.45;31.79;130345.15;43018.02
Australia and Oceania;Tuvalu;Beverages;Online;6/8/2010;9659;47.45;31.79;458319.55;151259.94
Central America and the Caribbean;El Salvador;Fruits;Online;5/24/2017;1475;9.33;6.92;13761.75;3554.75
Asia;South Korea;Cosmetics;Offline;11/7/2014;3823;437.20;263.33;1671415.60;664705.01
Middle East and North Africa;Israel;Personal Care;Offline;8/20/2015;4366;81.73;56.67;356833.18;109411.96
Middle East and North Africa;Iraq;Meat;Offline;9/12/2014;7795;421.89;364.69;3288632.55;445874.00
Asia;Vietnam;Beverages;Offline;8/25/2015;834;47.45;31.79;39573.30;13060.44
North America;United States of America;Personal Care;Offline;10/12/2011;7238;81.73;56.67;591561.74;181384.28
Sub-Saharan Africa;Guinea;Cosmetics;Offline;8/12/2012;2794;437.20;263.33;1221536.80;485792.78
Central America and the Caribbean;Costa Rica;Meat;Online;5/14/2017;318;421.89;364.69;134161.02;18189.60
Central America and the Caribbean;Honduras;Baby Food;Online;3/7/2011;4659;255.28;159.42;1189349.52;446611.74
Australia and Oceania;Federated States of Micronesia;Office Supplies;Online;5/1/2014;7697;651.21;524.96;5012363.37;971746.25
Europe;Slovenia;Beverages;Offline;4/22/2010;3343;47.45;31.79;158625.35;52351.38
Central America and the Caribbean;Dominica;Cereal;Online;2/26/2010;2540;205.70;117.11;522478.00;225018.60
Europe;Montenegro;Beverages;Offline;11/8/2010;8261;47.45;31.79;391984.45;129367.26
Sub-Saharan Africa;Benin;Beverages;Online;3/22/2014;512;47.45;31.79;24294.40;8017.92
Sub-Saharan Africa;The Gambia;Cereal;Online;7/28/2015;1327;205.70;117.11;272963.90;117558.93
Central America and the Caribbean;Haiti;Office Supplies;Online;1/28/2015;9775;651.21;524.96;6365577.75;1234093.75
Asia;Bhutan;Snacks;Offline;12/17/2013;6954;152.58;97.44;1061041.32;383443.56
Asia;Singapore;Office Supplies;Offline;9/27/2010;995;651.21;524.96;647953.95;125618.75
Australia and Oceania;Samoa ;Clothes;Offline;7/23/2012;2057;109.28;35.84;224788.96;151066.08
Asia;Laos;Clothes;Online;4/8/2016;7334;109.28;35.84;801459.52;538608.96
Sub-Saharan Africa;Cote d'Ivoire;Baby Food;Online;3/21/2012;6050;255.28;159.42;1544444.00;579953.00
Sub-Saharan Africa;Burkina Faso;Baby Food;Online;10/2/2010;4458;255.28;159.42;1138038.24;427343.88
North America;United States of America;Vegetables;Offline;9/13/2015;846;154.06;90.93;130334.76;53407.98
Europe;Germany;Office Supplies;Offline;1/10/2013;531;651.21;524.96;345792.51;67038.75
Asia;Bangladesh;Meat;Offline;6/28/2012;861;421.89;364.69;363247.29;49249.20
Sub-Saharan Africa;Kenya;Baby Food;Online;7/18/2013;6216;255.28;159.42;1586820.48;595865.76
Sub-Saharan Africa;Sudan;Beverages;Online;9/16/2016;3007;47.45;31.79;142682.15;47089.62
Sub-Saharan Africa;Sudan;Meat;Offline;3/19/2012;4677;421.89;364.69;1973179.53;267524.40
Middle East and North Africa;Syria;Household;Offline;1/25/2014;6700;668.27;502.54;4477409.00;1110391.00
Sub-Saharan Africa;Namibia;Meat;Online;11/3/2010;1579;421.89;364.69;666164.31;90318.80
Europe;Italy;Clothes;Offline;11/20/2014;3852;109.28;35.84;420946.56;282890.88
Asia;North Korea;Vegetables;Offline;2/12/2013;5086;154.06;90.93;783549.16;321079.18
Sub-Saharan Africa;Senegal;Clothes;Offline;3/27/2016;8879;109.28;35.84;970297.12;652073.76
Middle East and North Africa;Pakistan;Snacks;Offline;1/25/2017;5861;152.58;97.44;894271.38;323175.54
Europe;Portugal;Cereal;Online;1/31/2017;8694;205.70;117.11;1788355.80;770201.46
Europe;Albania;Baby Food;Offline;1/12/2015;7069;255.28;159.42;1804574.32;677634.34
Middle East and North Africa;Tunisia ;Beverages;Offline;9/19/2010;2711;47.45;31.79;128636.95;42454.26
Europe;Iceland;Cosmetics;Online;5/18/2016;4374;437.20;263.33;1912312.80;760507.38
Europe;United Kingdom;Cereal;Offline;1/10/2015;2844;205.70;117.11;585010.80;251949.96
Australia and Oceania;Nauru;Snacks;Offline;3/28/2017;5939;152.58;97.44;906172.62;327476.46
Sub-Saharan Africa;Mozambique;Vegetables;Online;12/11/2011;3508;154.06;90.93;540442.48;221460.04
Sub-Saharan Africa;Burundi;Clothes;Offline;8/19/2015;2430;109.28;35.84;265550.40;178459.20
Australia and Oceania;Palau;Baby Food;Online;7/29/2015;1616;255.28;159.42;412532.48;154909.76
Europe;Slovenia;Beverages;Offline;6/19/2011;7009;47.45;31.79;332577.05;109760.94
Australia and Oceania;Tuvalu;Fruits;Offline;8/19/2011;6583;9.33;6.92;61419.39;15865.03
Central America and the Caribbean;The Bahamas;Snacks;Online;2/11/2014;5342;152.58;97.44;815082.36;294557.88
Middle East and North Africa;Lebanon;Cereal;Online;6/11/2010;322;205.70;117.11;66235.40;28525.98
Europe;Bosnia and Herzegovina;Household;Offline;2/20/2012;5592;668.27;502.54;3736965.84;926762.16
Middle East and North Africa;Algeria;Baby Food;Online;8/25/2016;7249;255.28;159.42;1850524.72;694889.14
Europe;Lithuania;Meat;Offline;2/14/2011;8423;421.89;364.69;3553579.47;481795.60
Central America and the Caribbean;Saint Kitts and Nevis ;Office Supplies;Offline;1/25/2014;4275;651.21;524.96;2783922.75;539718.75
Sub-Saharan Africa;Madagascar;Cosmetics;Online;12/24/2010;6999;437.20;263.33;3059962.80;1216916.13
Sub-Saharan Africa;Republic of the Congo;Personal Care;Online;2/19/2011;817;81.73;56.67;66773.41;20474.02
Central America and the Caribbean;Saint Kitts and Nevis ;Cereal;Online;7/7/2013;6984;205.70;117.11;1436608.80;618712.56
Sub-Saharan Africa;Burundi;Office Supplies;Online;8/7/2010;8787;651.21;524.96;5722182.27;1109358.75
Europe;Greece;Personal Care;Offline;11/8/2014;6543;81.73;56.67;534759.39;163967.58
Asia;Myanmar;Office Supplies;Offline;2/6/2017;2600;651.21;524.96;1693146.00;328250.00
Central America and the Caribbean;Saint Vincent and the Grenadines;Clothes;Online;1/4/2013;6339;109.28;35.84;692725.92;465536.16
Sub-Saharan Africa;Equatorial Guinea;Cosmetics;Online;6/19/2014;9171;437.20;263.33;4009561.20;1594561.77
Europe;Malta;Vegetables;Online;6/23/2015;9537;154.06;90.93;1469270.22;602070.81
Sub-Saharan Africa;Burkina Faso;Household;Offline;2/13/2011;7912;668.27;502.54;5287352.24;1311255.76
Sub-Saharan Africa;Senegal;Clothes;Online;6/22/2016;1800;109.28;35.84;196704.00;132192.00
Middle East and North Africa;Morocco;Beverages;Online;5/22/2017;738;47.45;31.79;35018.10;11557.08
Europe;Iceland;Office Supplies;Offline;2/19/2012;1293;651.21;524.96;842014.53;163241.25
Sub-Saharan Africa;Swaziland;Meat;Offline;3/13/2015;2064;421.89;364.69;870780.96;118060.80
Sub-Saharan Africa;Angola;Vegetables;Online;8/14/2015;8680;154.06;90.93;1337240.80;547968.40
Europe;Switzerland;Beverages;Offline;1/31/2011;8802;47.45;31.79;417654.90;137839.32
Central America and the Caribbean;Nicaragua;Fruits;Online;9/11/2011;7124;9.33;6.92;66466.92;17168.84
Asia;Thailand;Cosmetics;Offline;6/23/2013;368;437.20;263.33;160889.60;63984.16
Europe;Romania;Household;Online;4/23/2017;2290;668.27;502.54;1530338.30;379521.70
Asia;Indonesia;Vegetables;Online;7/23/2017;8676;154.06;90.93;1336624.56;547715.88
Central America and the Caribbean;Dominican Republic;Beverages;Online;6/11/2013;2342;47.45;31.79;111127.90;36675.72
Sub-Saharan Africa;Madagascar;Beverages;Online;10/28/2012;8138;47.45;31.79;386148.10;127441.08
Sub-Saharan Africa;Burundi;Beverages;Offline;4/6/2013;7944;47.45;31.79;376942.80;124403.04
Middle East and North Africa;Lebanon;Office Supplies;Online;5/21/2013;5670;651.21;524.96;3692360.70;715837.50
Sub-Saharan Africa;Benin;Household;Online;9/4/2016;2260;668.27;502.54;1510290.20;374549.80
Europe;Bosnia and Herzegovina;Beverages;Online;7/12/2012;686;47.45;31.79;32550.70;10742.76
Sub-Saharan Africa;Democratic Republic of the Congo;Office Supplies;Offline;5/5/2010;954;651.21;524.96;621254.34;120442.50
Europe;Lithuania;Vegetables;Online;1/1/2013;5099;154.06;90.93;785551.94;321899.87
Middle East and North Africa;United Arab Emirates;Household;Online;2/8/2013;2190;668.27;502.54;1463511.30;362948.70
Asia;Kyrgyzstan;Vegetables;Offline;11/18/2011;3324;154.06;90.93;512095.44;209844.12
Australia and Oceania;Samoa ;Office Supplies;Offline;5/31/2015;6632;651.21;524.96;4318824.72;837290.00
Asia;Laos;Office Supplies;Offline;9/13/2015;2275;651.21;524.96;1481502.75;287218.75
Sub-Saharan Africa;Lesotho;Fruits;Offline;3/3/2017;7444;9.33;6.92;69452.52;17940.04
Europe;Russia;Personal Care;Offline;3/3/2010;1365;81.73;56.67;111561.45;34206.90
Sub-Saharan Africa;Seychelles ;Beverages;Online;8/11/2012;291;47.45;31.79;13807.95;4557.06
Central America and the Caribbean;Cuba;Clothes;Online;3/10/2013;2509;109.28;35.84;274183.52;184260.96
Central America and the Caribbean;Saint Kitts and Nevis ;Personal Care;Online;1/4/2013;3336;81.73;56.67;272651.28;83600.16
Australia and Oceania;Marshall Islands;Household;Online;4/4/2014;121;668.27;502.54;80860.67;20053.33
Sub-Saharan Africa;Lesotho;Vegetables;Online;5/20/2016;7244;154.06;90.93;1116010.64;457313.72
Europe;Germany;Household;Offline;5/3/2012;1115;668.27;502.54;745121.05;184788.95
Middle East and North Africa;Qatar;Beverages;Offline;1/25/2015;5178;47.45;31.79;245696.10;81087.48
Sub-Saharan Africa;South Sudan;Beverages;Offline;11/11/2015;4905;47.45;31.79;232742.25;76812.30
Middle East and North Africa;Afghanistan;Snacks;Online;11/13/2010;2803;152.58;97.44;427681.74;154557.42
Sub-Saharan Africa;Malawi;Vegetables;Offline;6/8/2012;3406;154.06;90.93;524728.36;215020.78
Australia and Oceania;Papua New Guinea;Office Supplies;Online;1/20/2015;8282;651.21;524.96;5393321.22;1045602.50
Sub-Saharan Africa;Burundi;Personal Care;Online;4/10/2014;1030;81.73;56.67;84181.90;25811.80
Europe;Germany;Personal Care;Offline;7/2/2010;2280;81.73;56.67;186344.40;57136.80
Europe;Cyprus;Baby Food;Offline;10/8/2012;4692;255.28;159.42;1197773.76;449775.12
Middle East and North Africa;Turkey;Fruits;Offline;4/5/2012;7960;9.33;6.92;74266.80;19183.60
Sub-Saharan Africa;Ghana;Clothes;Offline;5/10/2016;3807;109.28;35.84;416028.96;279586.08
Sub-Saharan Africa;Namibia;Beverages;Online;7/28/2014;988;47.45;31.79;46880.60;15472.08
Europe;Croatia;Snacks;Offline;8/20/2012;288;152.58;97.44;43943.04;15880.32
Europe;Spain;Clothes;Offline;7/21/2013;9526;109.28;35.84;1041001.28;699589.44
North America;Canada;Clothes;Offline;10/29/2013;8550;109.28;35.84;934344.00;627912.00
Australia and Oceania;Nauru;Beverages;Online;10/19/2014;4239;47.45;31.79;201140.55;66382.74
Middle East and North Africa;Lebanon;Cereal;Online;4/27/2011;5506;205.70;117.11;1132584.20;487776.54
Asia;Sri Lanka;Cosmetics;Online;8/25/2010;8291;437.20;263.33;3624825.20;1441556.17
Europe;Italy;Snacks;Online;7/18/2013;570;152.58;97.44;86970.60;31429.80
Middle East and North Africa;Afghanistan;Beverages;Online;6/22/2010;7347;47.45;31.79;348615.15;115054.02
Europe;Ireland;Beverages;Offline;9/7/2015;5657;47.45;31.79;268424.65;88588.62
Europe;Slovakia;Meat;Online;5/28/2010;9569;421.89;364.69;4037065.41;547346.80
Sub-Saharan Africa;Eritrea;Cereal;Offline;10/21/2014;5181;205.70;117.11;1065731.70;458984.79
Sub-Saharan Africa;Mauritania;Cereal;Online;1/12/2016;5623;205.70;117.11;1156651.10;498141.57
Middle East and North Africa;United Arab Emirates;Household;Online;6/12/2017;6055;668.27;502.54;4046374.85;1003495.15
Asia;Japan;Fruits;Online;2/12/2012;8671;9.33;6.92;80900.43;20897.11
Australia and Oceania;Vanuatu;Snacks;Offline;11/22/2016;7695;152.58;97.44;1174103.10;424302.30
Europe;Georgia;Personal Care;Offline;8/13/2015;4380;81.73;56.67;357977.40;109762.80
Middle East and North Africa;Syria;Office Supplies;Online;11/25/2015;2013;651.21;524.96;1310885.73;254141.25
Middle East and North Africa;Iraq;Office Supplies;Online;1/27/2015;911;651.21;524.96;593252.31;115013.75
Central America and the Caribbean;The Bahamas;Cosmetics;Online;7/13/2011;3423;437.20;263.33;1496535.60;595157.01
Middle East and North Africa;Israel;Clothes;Offline;2/1/2016;8930;109.28;35.84;975870.40;655819.20
Sub-Saharan Africa;Eritrea;Meat;Online;4/30/2010;8841;421.89;364.69;3729929.49;505705.20
Europe;Bosnia and Herzegovina;Vegetables;Online;12/28/2010;1600;154.06;90.93;246496.00;101008.00
Sub-Saharan Africa;Nigeria;Meat;Online;2/24/2013;7680;421.89;364.69;3240115.20;439296.00
Sub-Saharan Africa;Comoros;Household;Online;9/26/2016;4586;668.27;502.54;3064686.22;760037.78
Middle East and North Africa;Algeria;Cereal;Offline;3/5/2015;1854;205.70;117.11;381367.80;164245.86
Sub-Saharan Africa;Mozambique;Cosmetics;Offline;4/22/2014;6052;437.20;263.33;2645934.40;1052261.24
Middle East and North Africa;Somalia;Beverages;Online;6/21/2013;5777;47.45;31.79;274118.65;90467.82
Europe;Czech Republic;Household;Offline;11/9/2016;6661;668.27;502.54;4451346.47;1103927.53
Sub-Saharan Africa;Tanzania;Office Supplies;Online;7/30/2014;6364;651.21;524.96;4144300.44;803455.00
Asia;Vietnam;Cereal;Offline;9/25/2016;9578;205.70;117.11;1970194.60;848515.02
Middle East and North Africa;Egypt;Household;Online;10/13/2011;3027;668.27;502.54;2022853.29;501664.71
Europe;Norway;Beverages;Online;9/27/2015;467;47.45;31.79;22159.15;7313.22
Europe;Greece;Household;Online;5/28/2015;7682;668.27;502.54;5133650.14;1273137.86
Sub-Saharan Africa;Botswana;Meat;Online;7/27/2017;7491;421.89;364.69;3160377.99;428485.20
Asia;India;Beverages;Online;12/11/2014;4743;47.45;31.79;225055.35;74275.38
Europe;Serbia;Household;Online;9/1/2012;1316;668.27;502.54;879443.32;218100.68
Australia and Oceania;Papua New Guinea;Baby Food;Online;12/10/2016;1122;255.28;159.42;286424.16;107554.92
Sub-Saharan Africa;Mauritania;Office Supplies;Offline;2/5/2016;5104;651.21;524.96;3323775.84;644380.00
Middle East and North Africa;Saudi Arabia;Baby Food;Offline;9/5/2014;6236;255.28;159.42;1591926.08;597782.96
Sub-Saharan Africa;Niger;Cosmetics;Offline;7/6/2014;4521;437.20;263.33;1976581.20;786066.27
Asia;Tajikistan;Snacks;Offline;11/28/2010;1996;152.58;97.44;304549.68;110059.44
Australia and Oceania;Samoa ;Cosmetics;Offline;8/11/2011;7730;437.20;263.33;3379556.00;1344015.10
Middle East and North Africa;Iraq;Cereal;Offline;4/10/2010;2819;205.70;117.11;579868.30;249735.21
Sub-Saharan Africa;Zambia;Meat;Online;12/25/2012;5395;421.89;364.69;2276096.55;308594.00
Middle East and North Africa;Oman;Cosmetics;Online;9/28/2011;5617;437.20;263.33;2455752.40;976627.79
Central America and the Caribbean;Barbados;Beverages;Online;12/20/2010;680;47.45;31.79;32266.00;10648.80
Europe;Armenia;Vegetables;Online;3/1/2016;9805;154.06;90.93;1510558.30;618989.65
Asia;Taiwan;Baby Food;Online;12/12/2014;9249;255.28;159.42;2361084.72;886609.14
Sub-Saharan Africa;Botswana;Office Supplies;Online;2/25/2011;7297;651.21;524.96;4751879.37;921246.25
Australia and Oceania;Tonga;Baby Food;Online;6/20/2013;9267;255.28;159.42;2365679.76;888334.62
Australia and Oceania;Marshall Islands;Baby Food;Offline;6/30/2016;2507;255.28;159.42;639986.96;240321.02
Sub-Saharan Africa;Sao Tome and Principe;Beverages;Online;2/14/2012;1397;47.45;31.79;66287.65;21877.02
Sub-Saharan Africa;Tanzania;Household;Offline;1/5/2016;2349;668.27;502.54;1569766.23;389299.77
Central America and the Caribbean;Saint Kitts and Nevis ;Meat;Offline;10/27/2010;8804;421.89;364.69;3714319.56;503588.80
Central America and the Caribbean;Belize;Vegetables;Offline;7/23/2010;6236;154.06;90.93;960718.16;393678.68
North America;Canada;Vegetables;Offline;5/15/2011;7151;154.06;90.93;1101683.06;451442.63
Europe;Andorra;Cereal;Online;6/17/2010;6084;205.70;117.11;1251478.80;538981.56
Australia and Oceania;Marshall Islands;Household;Offline;6/18/2017;4603;668.27;502.54;3076046.81;762855.19
Central America and the Caribbean;Barbados;Personal Care;Online;10/14/2012;6306;81.73;56.67;515389.38;158028.36
Central America and the Caribbean;The Bahamas;Personal Care;Offline;12/23/2011;1823;81.73;56.67;148993.79;45684.38
Middle East and North Africa;Saudi Arabia;Cereal;Online;7/3/2016;3816;205.70;117.11;784951.20;338059.44
Europe;Belgium;Clothes;Online;7/16/2017;1977;109.28;35.84;216046.56;145190.88
Europe;Finland;Snacks;Offline;11/24/2014;8029;152.58;97.44;1225064.82;442719.06
Europe;Finland;Snacks;Online;3/28/2013;727;152.58;97.44;110925.66;40086.78
Middle East and North Africa;Iran;Clothes;Offline;9/19/2010;857;109.28;35.84;93652.96;62938.08
Asia;Sri Lanka;Beverages;Online;5/5/2010;6238;47.45;31.79;295993.10;97687.08
Europe;Belgium;Office Supplies;Offline;3/7/2016;6717;651.21;524.96;4374177.57;848021.25
Europe;Armenia;Fruits;Online;6/11/2014;9174;9.33;6.92;85593.42;22109.34
Europe;Sweden;Vegetables;Online;2/10/2015;2520;154.06;90.93;388231.20;159087.60
Sub-Saharan Africa;Lesotho;Meat;Online;4/22/2010;2698;421.89;364.69;1138259.22;154325.60
Sub-Saharan Africa;Rwanda;Meat;Online;12/7/2015;7682;421.89;364.69;3240958.98;439410.40
Sub-Saharan Africa;Liberia;Cosmetics;Online;11/17/2014;2476;437.20;263.33;1082507.20;430502.12
Central America and the Caribbean;Jamaica;Baby Food;Online;10/28/2013;4117;255.28;159.42;1050987.76;394655.62
Sub-Saharan Africa;Djibouti;Personal Care;Online;9/19/2016;6671;81.73;56.67;545220.83;167175.26
Europe;Kosovo;Vegetables;Offline;6/7/2013;6238;154.06;90.93;961026.28;393804.94
Europe;Albania;Clothes;Offline;11/3/2013;5948;109.28;35.84;649997.44;436821.12
Australia and Oceania;Marshall Islands;Baby Food;Offline;9/21/2013;960;255.28;159.42;245068.80;92025.60
Europe;Georgia;Meat;Online;9/22/2013;3469;421.89;364.69;1463536.41;198426.80
Europe;Estonia;Cosmetics;Offline;7/21/2015;7697;437.20;263.33;3365128.40;1338277.39
Asia;Uzbekistan;Fruits;Offline;8/12/2010;4900;9.33;6.92;45717.00;11809.00
Sub-Saharan Africa;South Africa;Household;Offline;2/5/2014;8363;668.27;502.54;5588742.01;1385999.99
Asia;South Korea;Vegetables;Online;10/7/2015;8404;154.06;90.93;1294720.24;530544.52
Asia;Nepal;Cosmetics;Offline;1/2/2014;7372;437.20;263.33;3223038.40;1281769.64
Sub-Saharan Africa;Kenya;Snacks;Online;1/23/2012;4646;152.58;97.44;708886.68;256180.44
Sub-Saharan Africa;Mali;Cereal;Offline;3/28/2014;1637;205.70;117.11;336730.90;145021.83
Middle East and North Africa;Syria;Meat;Offline;7/21/2014;6789;421.89;364.69;2864211.21;388330.80
Asia;Laos;Meat;Online;8/28/2015;574;421.89;364.69;242164.86;32832.80
Central America and the Caribbean;Honduras;Clothes;Online;6/22/2017;497;109.28;35.84;54312.16;36499.68
Middle East and North Africa;Bahrain;Office Supplies;Online;6/7/2013;6095;651.21;524.96;3969124.95;769493.75
Europe;Denmark;Baby Food;Online;12/13/2016;3935;255.28;159.42;1004526.80;377209.10
Central America and the Caribbean;Trinidad and Tobago;Meat;Offline;3/20/2012;2616;421.89;364.69;1103664.24;149635.20
Asia;South Korea;Fruits;Online;12/31/2010;7767;9.33;6.92;72466.11;18718.47
Europe;Finland;Cereal;Online;12/22/2010;7050;205.70;117.11;1450185.00;624559.50
Sub-Saharan Africa;Democratic Republic of the Congo;Cosmetics;Offline;9/4/2014;5157;437.20;263.33;2254640.40;896647.59
Europe;Andorra;Vegetables;Online;7/23/2010;8811;154.06;90.93;1357422.66;556238.43
Europe;Spain;Office Supplies;Online;8/23/2014;1768;651.21;524.96;1151339.28;223210.00
Sub-Saharan Africa;Gabon;Cosmetics;Offline;9/21/2013;9814;437.20;263.33;4290680.80;1706360.18
Sub-Saharan Africa;Mauritania;Fruits;Online;8/5/2014;5765;9.33;6.92;53787.45;13893.65
Europe;Denmark;Cosmetics;Online;7/15/2017;4472;437.20;263.33;1955158.40;777546.64
Europe;France;Household;Online;7/19/2012;7813;668.27;502.54;5221193.51;1294848.49
Sub-Saharan Africa;Malawi;Snacks;Offline;5/25/2013;9699;152.58;97.44;1479873.42;534802.86
Asia;China;Office Supplies;Online;12/28/2015;1074;651.21;524.96;699399.54;135592.50
Middle East and North Africa;Pakistan;Vegetables;Offline;4/20/2017;4910;154.06;90.93;756434.60;309968.30
Asia;Brunei;Baby Food;Online;7/31/2011;1213;255.28;159.42;309654.64;116278.18
Sub-Saharan Africa;Tanzania;Meat;Offline;11/9/2016;2019;421.89;364.69;851795.91;115486.80
Sub-Saharan Africa;Gabon;Snacks;Offline;8/2/2010;6395;152.58;97.44;975749.10;352620.30
Europe;Greece;Baby Food;Online;9/17/2016;5439;255.28;159.42;1388467.92;521382.54
Sub-Saharan Africa;Uganda;Snacks;Online;1/11/2011;7282;152.58;97.44;1111087.56;401529.48
Europe;Monaco;Cosmetics;Online;10/29/2015;2085;437.20;263.33;911562.00;362518.95
Europe;Lithuania;Snacks;Offline;10/25/2012;7040;152.58;97.44;1074163.20;388185.60
Middle East and North Africa;Azerbaijan;Vegetables;Online;1/22/2015;1371;154.06;90.93;211216.26;86551.23
Europe;Malta;Vegetables;Online;3/8/2010;1332;154.06;90.93;205207.92;84089.16
Sub-Saharan Africa;Namibia;Cosmetics;Offline;2/28/2017;5210;437.20;263.33;2277812.00;905862.70
Europe;Kosovo;Personal Care;Online;5/25/2014;8322;81.73;56.67;680157.06;208549.32
Asia;Bhutan;Personal Care;Online;8/20/2011;8017;81.73;56.67;655229.41;200906.02
Australia and Oceania;Solomon Islands;Personal Care;Online;11/27/2015;8675;81.73;56.67;709007.75;217395.50
Europe;Slovakia;Clothes;Online;8/1/2012;6707;109.28;35.84;732940.96;492562.08
Asia;Taiwan;Fruits;Offline;8/14/2014;5555;9.33;6.92;51828.15;13387.55
Europe;Czech Republic;Baby Food;Offline;4/19/2013;692;255.28;159.42;176653.76;66335.12
Australia and Oceania;Samoa ;Baby Food;Offline;5/4/2012;4624;255.28;159.42;1180414.72;443256.64
Sub-Saharan Africa;Mauritius ;Cereal;Online;7/11/2016;1888;205.70;117.11;388361.60;167257.92
Australia and Oceania;Tonga;Cosmetics;Online;10/8/2012;4049;437.20;263.33;1770222.80;703999.63
Europe;Ukraine;Clothes;Offline;10/9/2011;4707;109.28;35.84;514380.96;345682.08
Sub-Saharan Africa;Mauritius ;Household;Online;12/4/2013;4492;668.27;502.54;3001868.84;744459.16
Middle East and North Africa;Oman;Vegetables;Online;2/19/2013;6065;154.06;90.93;934373.90;382883.45
Europe;Lithuania;Office Supplies;Online;9/20/2015;9118;651.21;524.96;5937732.78;1151147.50
Australia and Oceania;Solomon Islands;Cereal;Offline;11/29/2013;5375;205.70;117.11;1105637.50;476171.25
Australia and Oceania;Australia;Snacks;Online;5/18/2012;3591;152.58;97.44;547914.78;198007.74
Asia;Philippines;Snacks;Online;11/5/2016;4552;152.58;97.44;694544.16;250997.28
Sub-Saharan Africa;Lesotho;Vegetables;Online;3/6/2015;6074;154.06;90.93;935760.44;383451.62
Asia;Thailand;Fruits;Online;6/10/2011;8008;9.33;6.92;74714.64;19299.28
Sub-Saharan Africa;Burkina Faso;Snacks;Online;7/23/2014;7233;152.58;97.44;1103611.14;398827.62
Sub-Saharan Africa;Sierra Leone;Clothes;Online;10/20/2011;2660;109.28;35.84;290684.80;195350.40
Europe;Vatican City;Cereal;Online;6/8/2010;231;205.70;117.11;47516.70;20464.29
Europe;Hungary;Office Supplies;Online;3/21/2011;7919;651.21;524.96;5156931.99;999773.75
Europe;Sweden;Household;Offline;3/8/2012;731;668.27;502.54;488505.37;121148.63
Australia and Oceania;Fiji;Fruits;Online;6/9/2012;5702;9.33;6.92;53199.66;13741.82
Asia;Indonesia;Snacks;Online;12/7/2015;6899;152.58;97.44;1052649.42;380410.86
Asia;Singapore;Snacks;Online;7/15/2012;421;152.58;97.44;64236.18;23213.94
Sub-Saharan Africa;Malawi;Household;Online;2/14/2012;9398;668.27;502.54;6280401.46;1557530.54
Sub-Saharan Africa;Cameroon;Personal Care;Online;6/23/2010;8991;81.73;56.67;734834.43;225314.46
Sub-Saharan Africa;Cote d'Ivoire;Beverages;Offline;10/23/2015;1392;47.45;31.79;66050.40;21798.72
Sub-Saharan Africa;Eritrea;Clothes;Offline;9/7/2014;825;109.28;35.84;90156.00;60588.00
Australia and Oceania;Solomon Islands;Cosmetics;Online;8/28/2013;8545;437.20;263.33;3735874.00;1485719.15
Central America and the Caribbean;The Bahamas;Cereal;Online;10/9/2012;7838;205.70;117.11;1612276.60;694368.42
Australia and Oceania;Tuvalu;Meat;Offline;12/6/2016;9022;421.89;364.69;3806291.58;516058.40
Sub-Saharan Africa;Cameroon;Fruits;Online;12/14/2016;4445;9.33;6.92;41471.85;10712.45
Europe;Montenegro;Cosmetics;Online;1/30/2016;3486;437.20;263.33;1524079.20;606110.82
Australia and Oceania;Kiribati;Clothes;Online;1/18/2011;7558;109.28;35.84;825938.24;555059.52
Middle East and North Africa;Tunisia ;Snacks;Online;1/6/2011;5102;152.58;97.44;778463.16;281324.28
Europe;Georgia;Clothes;Online;1/22/2011;6592;109.28;35.84;720373.76;484116.48
Central America and the Caribbean;El Salvador;Baby Food;Online;2/10/2011;9533;255.28;159.42;2433584.24;913833.38
Middle East and North Africa;Saudi Arabia;Baby Food;Offline;3/1/2012;3461;255.28;159.42;883524.08;331771.46
Sub-Saharan Africa;Uganda;Cereal;Offline;6/30/2012;4944;205.70;117.11;1016980.80;437988.96
Asia;Uzbekistan;Fruits;Online;6/10/2011;2580;9.33;6.92;24071.40;6217.80
Sub-Saharan Africa;Sao Tome and Principe;Beverages;Online;3/9/2013;1998;47.45;31.79;94805.10;31288.68
Sub-Saharan Africa;Senegal;Beverages;Offline;6/1/2015;861;47.45;31.79;40854.45;13483.26
Europe;Germany;Office Supplies;Offline;2/2/2013;3861;651.21;524.96;2514321.81;487451.25
Europe;Netherlands;Cosmetics;Offline;5/19/2017;7720;437.20;263.33;3375184.00;1342276.40
Central America and the Caribbean;Guatemala;Cereal;Offline;1/7/2014;6195;205.70;117.11;1274311.50;548815.05
Middle East and North Africa;Libya;Snacks;Online;7/7/2012;5070;152.58;97.44;773580.60;279559.80
Asia;Cambodia;Cosmetics;Online;2/3/2012;7165;437.20;263.33;3132538.00;1245778.55
Sub-Saharan Africa;Cape Verde;Personal Care;Online;1/12/2013;7326;81.73;56.67;598753.98;183589.56
Europe;Albania;Clothes;Online;11/25/2012;7435;109.28;35.84;812496.80;546026.40
Sub-Saharan Africa;Central African Republic;Beverages;Offline;4/29/2010;1401;47.45;31.79;66477.45;21939.66
Europe;Belarus;Meat;Offline;5/10/2016;168;421.89;364.69;70877.52;9609.60
Europe;Andorra;Snacks;Online;10/28/2012;6710;152.58;97.44;1023811.80;369989.40
Middle East and North Africa;Turkey;Cereal;Offline;9/11/2016;1030;205.70;117.11;211871.00;91247.70
Sub-Saharan Africa;Djibouti;Vegetables;Online;9/17/2015;5166;154.06;90.93;795873.96;326129.58
Central America and the Caribbean;Dominica;Household;Online;1/14/2010;8184;668.27;502.54;5469121.68;1356334.32
Central America and the Caribbean;Guatemala;Baby Food;Offline;1/20/2016;1184;255.28;159.42;302251.52;113498.24
Australia and Oceania;Palau;Vegetables;Offline;2/12/2017;2295;154.06;90.93;353567.70;144883.35
Sub-Saharan Africa;Comoros;Vegetables;Offline;10/24/2012;1677;154.06;90.93;258358.62;105869.01
Europe;Bulgaria;Beverages;Offline;2/19/2015;6525;47.45;31.79;309611.25;102181.50
Asia;Nepal;Office Supplies;Offline;6/6/2014;6061;651.21;524.96;3946983.81;765201.25
Sub-Saharan Africa;Madagascar;Clothes;Offline;6/18/2013;6540;109.28;35.84;714691.20;480297.60
Asia;North Korea;Cosmetics;Offline;1/27/2016;6248;437.20;263.33;2731625.60;1086339.76
Sub-Saharan Africa;Seychelles ;Vegetables;Online;10/19/2015;503;154.06;90.93;77492.18;31754.39
Asia;Uzbekistan;Fruits;Online;10/26/2014;6653;9.33;6.92;62072.49;16033.73
Middle East and North Africa;Egypt;Meat;Online;8/3/2012;9078;421.89;364.69;3829917.42;519261.60
Middle East and North Africa;Afghanistan;Cereal;Online;3/15/2017;4190;205.70;117.11;861883.00;371192.10
Central America and the Caribbean;Saint Vincent and the Grenadines;Cosmetics;Offline;4/26/2011;5430;437.20;263.33;2373996.00;944114.10
Asia;Vietnam;Clothes;Online;7/6/2016;8273;109.28;35.84;904073.44;607569.12
Europe;Serbia;Snacks;Online;10/15/2013;5223;152.58;97.44;796925.34;287996.22
Europe;Macedonia;Fruits;Online;7/1/2015;816;9.33;6.92;7613.28;1966.56
Asia;Myanmar;Clothes;Online;2/16/2016;6620;109.28;35.84;723433.60;486172.80
Europe;United Kingdom;Cereal;Offline;3/24/2011;6233;205.70;117.11;1282128.10;552181.47
Asia;Vietnam;Baby Food;Online;5/7/2016;286;255.28;159.42;73010.08;27415.96
Middle East and North Africa;United Arab Emirates;Snacks;Offline;3/29/2010;1439;152.58;97.44;219562.62;79346.46
Central America and the Caribbean;Costa Rica;Fruits;Offline;5/15/2014;9385;9.33;6.92;87562.05;22617.85
Sub-Saharan Africa;Burkina Faso;Personal Care;Online;5/25/2013;5847;81.73;56.67;477875.31;146525.82
Central America and the Caribbean;The Bahamas;Cosmetics;Online;12/28/2011;9580;437.20;263.33;4188376.00;1665674.60
Asia;Mongolia;Cosmetics;Offline;11/16/2015;1371;437.20;263.33;599401.20;238375.77
Europe;United Kingdom;Snacks;Offline;11/28/2012;9036;152.58;97.44;1378712.88;498245.04
Asia;China;Fruits;Online;9/28/2014;2425;9.33;6.92;22625.25;5844.25
Asia;Turkmenistan;Meat;Online;2/23/2015;8417;421.89;364.69;3551048.13;481452.40
Europe;Belarus;Vegetables;Online;7/16/2016;5924;154.06;90.93;912651.44;373982.12
Europe;Czech Republic;Snacks;Online;1/15/2011;888;152.58;97.44;135491.04;48964.32
Australia and Oceania;Nauru;Meat;Online;7/20/2014;1282;421.89;364.69;540862.98;73330.40
Europe;Andorra;Vegetables;Offline;7/15/2017;2111;154.06;90.93;325220.66;133267.43
Europe;Belgium;Household;Online;7/12/2011;412;668.27;502.54;275327.24;68280.76
Europe;Lithuania;Vegetables;Offline;8/14/2015;251;154.06;90.93;38669.06;15845.63
Sub-Saharan Africa;South Sudan;Meat;Online;2/11/2012;7728;421.89;364.69;3260365.92;442041.60
Europe;Kosovo;Snacks;Offline;11/16/2010;5973;152.58;97.44;911360.34;329351.22
Europe;Spain;Office Supplies;Offline;4/10/2015;146;651.21;524.96;95076.66;18432.50
Middle East and North Africa;Azerbaijan;Personal Care;Offline;10/17/2010;2439;81.73;56.67;199339.47;61121.34
Middle East and North Africa;Libya;Meat;Offline;4/16/2014;7078;421.89;364.69;2986137.42;404861.60
Sub-Saharan Africa;Sudan;Cosmetics;Offline;3/5/2017;5316;437.20;263.33;2324155.20;924292.92
Europe;Bulgaria;Household;Online;12/2/2011;439;668.27;502.54;293370.53;72755.47
Australia and Oceania;Vanuatu;Beverages;Offline;12/31/2010;2765;47.45;31.79;131199.25;43299.90
Europe;France;Personal Care;Online;10/20/2012;4643;81.73;56.67;379472.39;116353.58
Middle East and North Africa;Bahrain;Household;Offline;1/1/2013;5452;668.27;502.54;3643408.04;903559.96
Asia;Thailand;Household;Offline;11/27/2015;6603;668.27;502.54;4412586.81;1094315.19
Europe;Cyprus;Vegetables;Offline;7/11/2015;6540;154.06;90.93;1007552.40;412870.20
Sub-Saharan Africa;Central African Republic;Cereal;Online;7/6/2014;5735;205.70;117.11;1179689.50;508063.65
Central America and the Caribbean;Panama;Meat;Offline;10/17/2012;1694;421.89;364.69;714681.66;96896.80
Europe;Hungary;Clothes;Online;5/17/2011;3952;109.28;35.84;431874.56;290234.88
North America;Greenland;Vegetables;Online;2/2/2016;9078;154.06;90.93;1398556.68;573094.14
Sub-Saharan Africa;Burkina Faso;Fruits;Online;2/18/2011;5668;9.33;6.92;52882.44;13659.88
Sub-Saharan Africa;Chad;Snacks;Online;11/5/2015;9355;152.58;97.44;1427385.90;515834.70
Europe;Moldova ;Baby Food;Online;10/4/2012;7798;255.28;159.42;1990673.44;747516.28
Asia;South Korea;Beverages;Online;12/24/2011;5690;47.45;31.79;269990.50;89105.40
Sub-Saharan Africa;Burkina Faso;Fruits;Online;2/8/2017;9754;9.33;6.92;91004.82;23507.14
Sub-Saharan Africa;Guinea-Bissau;Baby Food;Online;11/13/2013;3746;255.28;159.42;956278.88;359091.56
Sub-Saharan Africa;Cote d'Ivoire;Clothes;Offline;10/12/2011;3452;109.28;35.84;377234.56;253514.88
Europe;Armenia;Vegetables;Offline;1/23/2010;1689;154.06;90.93;260207.34;106626.57
Asia;Taiwan;Fruits;Online;7/27/2016;3305;9.33;6.92;30835.65;7965.05
Middle East and North Africa;United Arab Emirates;Cereal;Online;9/22/2013;181;205.70;117.11;37231.70;16034.79
Central America and the Caribbean;Trinidad and Tobago;Cereal;Offline;4/20/2015;6228;205.70;117.11;1281099.60;551738.52
Central America and the Caribbean;Nicaragua;Beverages;Online;3/13/2017;2388;47.45;31.79;113310.60;37396.08
Europe;Kosovo;Meat;Online;5/24/2016;1634;421.89;364.69;689368.26;93464.80
Central America and the Caribbean;The Bahamas;Vegetables;Online;9/17/2014;3973;154.06;90.93;612080.38;250815.49
Central America and the Caribbean;Nicaragua;Vegetables;Online;1/13/2015;1438;154.06;90.93;221538.28;90780.94
Europe;Slovakia;Clothes;Online;7/14/2017;3099;109.28;35.84;338658.72;227590.56
Sub-Saharan Africa;Zimbabwe;Vegetables;Online;11/12/2015;54;154.06;90.93;8319.24;3409.02
Asia;Mongolia;Cereal;Online;2/10/2016;432;205.70;117.11;88862.40;38270.88
Asia;North Korea;Clothes;Offline;4/11/2010;4395;109.28;35.84;480285.60;322768.80
Europe;Albania;Cereal;Offline;5/10/2010;9135;205.70;117.11;1879069.50;809269.65
Asia;Myanmar;Clothes;Offline;4/9/2014;3876;109.28;35.84;423569.28;284653.44
Middle East and North Africa;Saudi Arabia;Office Supplies;Offline;3/20/2017;4873;651.21;524.96;3173346.33;615216.25
Europe;Denmark;Office Supplies;Online;6/16/2015;411;651.21;524.96;267647.31;51888.75
Europe;Kosovo;Fruits;Online;2/6/2010;5808;9.33;6.92;54188.64;13997.28
Europe;Czech Republic;Cosmetics;Online;11/26/2010;8414;437.20;263.33;3678600.80;1462942.18
Europe;Malta;Household;Online;4/27/2017;2606;668.27;502.54;1741511.62;431892.38
Sub-Saharan Africa;South Africa;Personal Care;Offline;9/22/2014;4798;81.73;56.67;392140.54;120237.88
Middle East and North Africa;Tunisia ;Vegetables;Online;1/24/2016;8431;154.06;90.93;1298879.86;532249.03
Asia;China;Clothes;Online;8/17/2012;8979;109.28;35.84;981225.12;659417.76
Asia;North Korea;Beverages;Online;9/16/2015;8946;47.45;31.79;424487.70;140094.36
Asia;Mongolia;Personal Care;Offline;12/9/2014;2870;81.73;56.67;234565.10;71922.20
Middle East and North Africa;Tunisia ;Personal Care;Offline;5/19/2012;2316;81.73;56.67;189286.68;58038.96
Central America and the Caribbean;El Salvador;Household;Offline;2/27/2011;885;668.27;502.54;591418.95;146671.05
North America;Canada;Meat;Offline;9/3/2011;9205;421.89;364.69;3883497.45;526526.00
Europe;Greece;Meat;Offline;5/24/2015;9938;421.89;364.69;4192742.82;568453.60
Sub-Saharan Africa;Mali;Vegetables;Offline;6/29/2013;2776;154.06;90.93;427670.56;175248.88
Europe;Netherlands;Cosmetics;Offline;5/11/2013;9443;437.20;263.33;4128479.60;1641854.41
Middle East and North Africa;United Arab Emirates;Personal Care;Offline;1/29/2012;8694;81.73;56.67;710560.62;217871.64
Asia;Turkmenistan;Household;Online;5/18/2015;1315;668.27;502.54;878775.05;217934.95
Europe;Croatia;Personal Care;Online;2/13/2011;5123;81.73;56.67;418702.79;128382.38
Australia and Oceania;Samoa ;Meat;Online;12/12/2010;9967;421.89;364.69;4204977.63;570112.40
Central America and the Caribbean;Saint Vincent and the Grenadines;Office Supplies;Offline;3/17/2016;2727;651.21;524.96;1775849.67;344283.75
Sub-Saharan Africa;Kenya;Cosmetics;Offline;3/6/2014;2314;437.20;263.33;1011680.80;402335.18
Middle East and North Africa;Jordan;Clothes;Online;2/12/2012;4670;109.28;35.84;510337.60;342964.80
Central America and the Caribbean;El Salvador;Snacks;Online;10/13/2010;7769;152.58;97.44;1185394.02;428382.66
Asia;Sri Lanka;Cosmetics;Online;10/16/2015;6616;437.20;263.33;2892515.20;1150323.92
Sub-Saharan Africa;Cote d'Ivoire;Vegetables;Online;2/2/2011;8246;154.06;90.93;1270378.76;520569.98
Sub-Saharan Africa;Niger;Beverages;Offline;10/12/2015;6729;47.45;31.79;319291.05;105376.14
Sub-Saharan Africa;Republic of the Congo;Office Supplies;Offline;2/29/2012;8161;651.21;524.96;5314524.81;1030326.25
Asia;Japan;Cereal;Offline;2/7/2010;5673;205.70;117.11;1166936.10;502571.07
Europe;Hungary;Vegetables;Offline;12/20/2012;4426;154.06;90.93;681869.56;279413.38
Central America and the Caribbean;Trinidad and Tobago;Office Supplies;Online;10/27/2013;6612;651.21;524.96;4305800.52;834765.00
Sub-Saharan Africa;Equatorial Guinea;Office Supplies;Offline;5/15/2014;6456;651.21;524.96;4204211.76;815070.00
Sub-Saharan Africa;Sao Tome and Principe;Office Supplies;Online;8/4/2013;5211;651.21;524.96;3393455.31;657888.75
Asia;Tajikistan;Office Supplies;Online;7/17/2011;6164;651.21;524.96;4014058.44;778205.00
Asia;South Korea;Office Supplies;Online;2/9/2013;9633;651.21;524.96;6273105.93;1216166.25
Asia;Laos;Cereal;Offline;9/11/2016;7966;205.70;117.11;1638606.20;705707.94
Australia and Oceania;Federated States of Micronesia;Office Supplies;Online;5/25/2010;542;651.21;524.96;352955.82;68427.50
Europe;Ireland;Snacks;Online;8/30/2013;8774;152.58;97.44;1338736.92;483798.36
Europe;Norway;Cereal;Offline;12/6/2012;1103;205.70;117.11;226887.10;97714.77
Asia;Taiwan;Household;Online;11/11/2010;8004;668.27;502.54;5348833.08;1326502.92
Sub-Saharan Africa;Equatorial Guinea;Cosmetics;Offline;12/14/2014;6980;437.20;263.33;3051656.00;1213612.60
Central America and the Caribbean;Barbados;Household;Offline;1/19/2011;7568;668.27;502.54;5057467.36;1254244.64
Middle East and North Africa;Saudi Arabia;Clothes;Offline;7/30/2012;6336;109.28;35.84;692398.08;465315.84
Europe;Andorra;Office Supplies;Offline;4/20/2011;1882;651.21;524.96;1225577.22;237602.50
Central America and the Caribbean;Honduras;Beverages;Online;5/29/2011;9836;47.45;31.79;466718.20;154031.76
Asia;Laos;Fruits;Offline;7/29/2010;7859;9.33;6.92;73324.47;18940.19
Sub-Saharan Africa;Mozambique;Meat;Online;5/5/2011;644;421.89;364.69;271697.16;36836.80
Australia and Oceania;Samoa ;Office Supplies;Offline;4/21/2017;4913;651.21;524.96;3199394.73;620266.25
Asia;Brunei;Baby Food;Online;3/11/2014;4423;255.28;159.42;1129103.44;423988.78
Europe;Bosnia and Herzegovina;Snacks;Online;7/9/2011;4959;152.58;97.44;756644.22;273439.26
Central America and the Caribbean;Haiti;Household;Offline;1/30/2016;9338;668.27;502.54;6240305.26;1547586.74
Central America and the Caribbean;Grenada;Baby Food;Offline;1/4/2013;2410;255.28;159.42;615224.80;231022.60
Europe;Bulgaria;Personal Care;Offline;1/10/2015;6053;81.73;56.67;494711.69;151688.18
Sub-Saharan Africa;Botswana;Meat;Offline;3/5/2013;4180;421.89;364.69;1763500.20;239096.00
Asia;China;Office Supplies;Offline;12/9/2010;7733;651.21;524.96;5035806.93;976291.25
Central America and the Caribbean;Belize;Office Supplies;Online;11/11/2012;9684;651.21;524.96;6306317.64;1222605.00
Australia and Oceania;East Timor;Snacks;Offline;3/14/2013;40;152.58;97.44;6103.20;2205.60
Central America and the Caribbean;Dominican Republic;Personal Care;Online;10/31/2014;836;81.73;56.67;68326.28;20950.16
Europe;Norway;Baby Food;Online;5/11/2010;1139;255.28;159.42;290763.92;109184.54
Europe;Armenia;Clothes;Offline;2/24/2016;2049;109.28;35.84;223914.72;150478.56
Middle East and North Africa;Yemen;Baby Food;Offline;7/30/2015;1695;255.28;159.42;432699.60;162482.70
Europe;Poland;Fruits;Online;10/13/2015;238;9.33;6.92;2220.54;573.58
Europe;Bosnia and Herzegovina;Personal Care;Offline;8/15/2013;4870;81.73;56.67;398025.10;122042.20
Middle East and North Africa;Algeria;Vegetables;Online;8/2/2014;4816;154.06;90.93;741952.96;304034.08
Sub-Saharan Africa;Equatorial Guinea;Fruits;Online;11/14/2013;6330;9.33;6.92;59058.90;15255.30
Sub-Saharan Africa;Burkina Faso;Clothes;Online;4/25/2015;7699;109.28;35.84;841346.72;565414.56
Australia and Oceania;Tonga;Office Supplies;Offline;6/14/2012;4239;651.21;524.96;2760479.19;535173.75
Central America and the Caribbean;Costa Rica;Vegetables;Online;1/13/2015;3299;154.06;90.93;508243.94;208265.87
Sub-Saharan Africa;Equatorial Guinea;Beverages;Online;12/13/2014;9260;47.45;31.79;439387.00;145011.60
Central America and the Caribbean;Trinidad and Tobago;Vegetables;Offline;9/19/2012;8531;154.06;90.93;1314285.86;538562.03
Sub-Saharan Africa;Zambia;Household;Online;9/16/2013;4557;668.27;502.54;3045306.39;755231.61
Australia and Oceania;Papua New Guinea;Beverages;Offline;10/15/2016;2810;47.45;31.79;133334.50;44004.60
Sub-Saharan Africa;Burundi;Cosmetics;Online;7/12/2010;5795;437.20;263.33;2533574.00;1007576.65
Sub-Saharan Africa;Mali;Cereal;Online;11/9/2014;8048;205.70;117.11;1655473.60;712972.32
Europe;Serbia;Household;Offline;9/6/2016;1137;668.27;502.54;759822.99;188435.01
Sub-Saharan Africa;Djibouti;Office Supplies;Offline;7/25/2011;8661;651.21;524.96;5640129.81;1093451.25
Australia and Oceania;Solomon Islands;Cosmetics;Offline;1/16/2015;1248;437.20;263.33;545625.60;216989.76
North America;Canada;Vegetables;Online;6/12/2013;1562;154.06;90.93;240641.72;98609.06
Asia;Philippines;Meat;Offline;2/3/2013;9292;421.89;364.69;3920201.88;531502.40
Europe;Albania;Baby Food;Online;10/16/2013;6165;255.28;159.42;1573801.20;590976.90
Asia;China;Fruits;Online;8/20/2012;933;9.33;6.92;8704.89;2248.53
Middle East and North Africa;Somalia;Vegetables;Offline;5/9/2015;4384;154.06;90.93;675399.04;276761.92
Middle East and North Africa;Iraq;Meat;Offline;5/16/2017;4335;421.89;364.69;1828893.15;247962.00
Australia and Oceania;Vanuatu;Beverages;Online;3/13/2015;634;47.45;31.79;30083.30;9928.44
Middle East and North Africa;Saudi Arabia;Meat;Online;3/4/2010;161;421.89;364.69;67924.29;9209.20
Europe;Denmark;Cosmetics;Offline;4/15/2012;1828;437.20;263.33;799201.60;317834.36
Asia;Tajikistan;Beverages;Offline;9/1/2013;1577;47.45;31.79;74828.65;24695.82
Europe;Bulgaria;Fruits;Offline;1/24/2015;7381;9.33;6.92;68864.73;17788.21
Asia;Bhutan;Fruits;Offline;7/7/2014;4245;9.33;6.92;39605.85;10230.45
Middle East and North Africa;Oman;Cosmetics;Offline;2/14/2011;9206;437.20;263.33;4024863.20;1600647.22
Europe;Czech Republic;Clothes;Online;5/30/2016;6331;109.28;35.84;691851.68;464948.64
Central America and the Caribbean;Honduras;Office Supplies;Offline;9/7/2012;1718;651.21;524.96;1118778.78;216897.50
Sub-Saharan Africa;Gabon;Personal Care;Online;5/18/2017;8498;81.73;56.67;694541.54;212959.88
Europe;Bosnia and Herzegovina;Meat;Online;2/21/2011;1831;421.89;364.69;772480.59;104733.20
Middle East and North Africa;Morocco;Meat;Online;4/29/2017;3910;421.89;364.69;1649589.90;223652.00
Europe;Denmark;Meat;Online;12/3/2014;8958;421.89;364.69;3779290.62;512397.60
Sub-Saharan Africa;Sudan;Beverages;Offline;6/26/2010;8231;47.45;31.79;390560.95;128897.46
Australia and Oceania;Vanuatu;Office Supplies;Online;8/20/2011;5015;651.21;524.96;3265818.15;633143.75
Middle East and North Africa;Israel;Cosmetics;Offline;9/12/2015;9626;437.20;263.33;4208487.20;1673672.62
Sub-Saharan Africa;Sao Tome and Principe;Snacks;Offline;6/29/2013;4414;152.58;97.44;673488.12;243387.96
Sub-Saharan Africa;Madagascar;Fruits;Offline;11/2/2015;8758;9.33;6.92;81712.14;21106.78
Sub-Saharan Africa;Central African Republic;Cereal;Online;11/22/2011;4070;205.70;117.11;837199.00;360561.30
Central America and the Caribbean;Saint Kitts and Nevis ;Baby Food;Offline;10/25/2010;8792;255.28;159.42;2244421.76;842801.12
Central America and the Caribbean;Dominica;Meat;Online;4/6/2015;3397;421.89;364.69;1433160.33;194308.40
Sub-Saharan Africa;Togo;Baby Food;Online;1/4/2010;5391;255.28;159.42;1376214.48;516781.26
Sub-Saharan Africa;Mauritius ;Snacks;Online;3/16/2011;4309;152.58;97.44;657467.22;237598.26
Australia and Oceania;Tuvalu;Vegetables;Offline;2/12/2017;6720;154.06;90.93;1035283.20;424233.60
Australia and Oceania;Federated States of Micronesia;Clothes;Offline;12/10/2011;1221;109.28;35.84;133430.88;89670.24
Central America and the Caribbean;Grenada;Fruits;Online;1/5/2015;3442;9.33;6.92;32113.86;8295.22
Sub-Saharan Africa;Ghana;Clothes;Online;6/8/2016;1045;109.28;35.84;114197.60;76744.80
Central America and the Caribbean;Saint Lucia;Vegetables;Offline;3/6/2011;8722;154.06;90.93;1343711.32;550619.86
Europe;Denmark;Snacks;Online;5/26/2010;3197;152.58;97.44;487798.26;176282.58
Europe;Bosnia and Herzegovina;Fruits;Online;12/27/2014;8225;9.33;6.92;76739.25;19822.25
Australia and Oceania;Marshall Islands;Cereal;Offline;9/24/2011;9590;205.70;117.11;1972663.00;849578.10
Asia;Bhutan;Cosmetics;Online;12/30/2014;112;437.20;263.33;48966.40;19473.44
Middle East and North Africa;Algeria;Baby Food;Offline;7/1/2017;4639;255.28;159.42;1184243.92;444694.54
Europe;Malta;Fruits;Offline;10/18/2016;5050;9.33;6.92;47116.50;12170.50
Sub-Saharan Africa;The Gambia;Cereal;Offline;7/10/2011;5257;205.70;117.11;1081364.90;465717.63
Europe;Serbia;Cosmetics;Offline;9/22/2012;6202;437.20;263.33;2711514.40;1078341.74
Sub-Saharan Africa;Mauritania;Meat;Online;5/19/2017;859;421.89;364.69;362403.51;49134.80
Europe;Georgia;Office Supplies;Offline;2/29/2012;9232;651.21;524.96;6011970.72;1165540.00
Central America and the Caribbean;Haiti;Baby Food;Online;2/7/2015;3358;255.28;159.42;857230.24;321897.88
Europe;Russia;Office Supplies;Online;3/24/2011;2304;651.21;524.96;1500387.84;290880.00
Sub-Saharan Africa;Republic of the Congo;Office Supplies;Offline;11/28/2016;7169;651.21;524.96;4668524.49;905086.25
Europe;Switzerland;Baby Food;Online;7/7/2015;6082;255.28;159.42;1552612.96;583020.52
Australia and Oceania;Australia;Baby Food;Offline;3/10/2014;9205;255.28;159.42;2349852.40;882391.30
Europe;Kosovo;Cosmetics;Offline;5/12/2017;3730;437.20;263.33;1630756.00;648535.10
Europe;Albania;Baby Food;Offline;5/17/2015;8882;255.28;159.42;2267396.96;851428.52
Europe;Belarus;Fruits;Online;12/31/2010;913;9.33;6.92;8518.29;2200.33
Asia;Mongolia;Vegetables;Online;8/24/2015;8112;154.06;90.93;1249734.72;512110.56
Central America and the Caribbean;Saint Lucia;Household;Offline;4/10/2015;5794;668.27;502.54;3871956.38;960239.62
Sub-Saharan Africa;Tanzania;Personal Care;Online;1/25/2012;1310;81.73;56.67;107066.30;32828.60
Asia;Taiwan;Office Supplies;Offline;1/20/2013;9038;651.21;524.96;5885635.98;1141047.50
Europe;Sweden;Cosmetics;Online;3/9/2011;5390;437.20;263.33;2356508.00;937159.30
Central America and the Caribbean;Panama;Cosmetics;Offline;10/30/2011;3808;437.20;263.33;1664857.60;662096.96
Australia and Oceania;Samoa ;Vegetables;Offline;11/6/2013;9766;154.06;90.93;1504549.96;616527.58
Europe;Ireland;Personal Care;Online;5/24/2013;5768;81.73;56.67;471418.64;144546.08
Central America and the Caribbean;El Salvador;Snacks;Online;3/31/2015;6352;152.58;97.44;969188.16;350249.28
Sub-Saharan Africa;Guinea;Snacks;Offline;11/19/2013;3083;152.58;97.44;470404.14;169996.62
Australia and Oceania;East Timor;Vegetables;Offline;6/9/2012;9562;154.06;90.93;1473121.72;603649.06
Europe;Slovakia;Cereal;Online;4/25/2011;6417;205.70;117.11;1319976.90;568482.03
Sub-Saharan Africa;Ghana;Office Supplies;Online;12/21/2011;6310;651.21;524.96;4109135.10;796637.50
Europe;Poland;Beverages;Offline;3/1/2013;8934;47.45;31.79;423918.30;139906.44
Middle East and North Africa;Azerbaijan;Baby Food;Offline;9/13/2014;6011;255.28;159.42;1534488.08;576214.46
Sub-Saharan Africa;Sao Tome and Principe;Cereal;Offline;9/1/2013;6297;205.70;117.11;1295292.90;557851.23
Europe;Luxembourg;Cosmetics;Online;10/20/2015;578;437.20;263.33;252701.60;100496.86
Asia;Philippines;Household;Online;7/11/2016;6671;668.27;502.54;4458029.17;1105584.83
Asia;Malaysia;Meat;Online;5/6/2012;4426;421.89;364.69;1867285.14;253167.20
Sub-Saharan Africa;South Sudan;Clothes;Online;3/7/2012;721;109.28;35.84;78790.88;52950.24
Australia and Oceania;Federated States of Micronesia;Vegetables;Online;11/16/2010;4467;154.06;90.93;688186.02;282001.71
Asia;Sri Lanka;Cosmetics;Offline;9/10/2015;1609;437.20;263.33;703454.80;279756.83
Asia;Maldives;Beverages;Offline;3/29/2012;118;47.45;31.79;5599.10;1847.88
Australia and Oceania;Papua New Guinea;Office Supplies;Online;9/17/2013;5000;651.21;524.96;3256050.00;631250.00
Sub-Saharan Africa;Guinea-Bissau;Cosmetics;Offline;8/19/2011;3291;437.20;263.33;1438825.20;572206.17
Sub-Saharan Africa;Sudan;Clothes;Online;7/9/2017;9058;109.28;35.84;989858.24;665219.52
Central America and the Caribbean;Cuba;Household;Offline;9/5/2013;8401;668.27;502.54;5614136.27;1392297.73
North America;Canada;Fruits;Online;7/21/2017;4448;9.33;6.92;41499.84;10719.68
Europe;Belgium;Snacks;Online;5/10/2017;2361;152.58;97.44;360241.38;130185.54
Sub-Saharan Africa;Nigeria;Household;Offline;9/23/2013;4332;668.27;502.54;2894945.64;717942.36
Australia and Oceania;Tonga;Snacks;Offline;12/12/2015;4586;152.58;97.44;699731.88;252872.04
Australia and Oceania;Samoa ;Meat;Offline;6/3/2015;4376;421.89;364.69;1846190.64;250307.20
Australia and Oceania;Fiji;Personal Care;Offline;3/14/2012;6990;81.73;56.67;571292.70;175169.40
Europe;Iceland;Cereal;Online;3/8/2011;2744;205.70;117.11;564440.80;243090.96
Sub-Saharan Africa;Central African Republic;Household;Offline;10/5/2010;3987;668.27;502.54;2664392.49;660765.51
Sub-Saharan Africa;Chad;Vegetables;Online;3/6/2014;99;154.06;90.93;15251.94;6249.87
Asia;Maldives;Personal Care;Offline;8/5/2010;2491;81.73;56.67;203589.43;62424.46
Sub-Saharan Africa;Tanzania;Cosmetics;Online;9/28/2016;9605;437.20;263.33;4199306.00;1670021.35
Asia;Thailand;Office Supplies;Online;7/23/2012;1915;651.21;524.96;1247067.15;241768.75
Asia;Thailand;Baby Food;Online;2/10/2013;6927;255.28;159.42;1768324.56;664022.22
Asia;Vietnam;Cereal;Online;10/31/2011;4175;205.70;117.11;858797.50;369863.25
Sub-Saharan Africa;Mauritania;Cosmetics;Online;7/23/2014;228;437.20;263.33;99681.60;39642.36
Sub-Saharan Africa;Burkina Faso;Fruits;Online;1/20/2013;3684;9.33;6.92;34371.72;8878.44
Central America and the Caribbean;Saint Lucia;Household;Offline;7/9/2011;174;668.27;502.54;116278.98;28837.02
Europe;Vatican City;Vegetables;Online;3/14/2015;7357;154.06;90.93;1133419.42;464447.41
North America;Canada;Vegetables;Offline;6/26/2011;9926;154.06;90.93;1529199.56;626628.38
Sub-Saharan Africa;Gabon;Meat;Offline;7/18/2011;4606;421.89;364.69;1943225.34;263463.20
Sub-Saharan Africa;Benin;Household;Online;4/3/2016;5151;668.27;502.54;3442258.77;853675.23
Central America and the Caribbean;Saint Lucia;Meat;Online;6/1/2012;7347;421.89;364.69;3099625.83;420248.40
Europe;Portugal;Beverages;Offline;5/22/2014;4012;47.45;31.79;190369.40;62827.92
Sub-Saharan Africa;Ghana;Cosmetics;Online;11/20/2014;9993;437.20;263.33;4368939.60;1737482.91
Central America and the Caribbean;El Salvador;Cereal;Offline;6/21/2011;7172;205.70;117.11;1475280.40;635367.48
Sub-Saharan Africa;Togo;Beverages;Online;5/6/2010;9459;47.45;31.79;448829.55;148127.94
Asia;Bangladesh;Baby Food;Offline;12/27/2014;7797;255.28;159.42;1990418.16;747420.42
Asia;Taiwan;Clothes;Online;10/18/2014;5158;109.28;35.84;563666.24;378803.52
Sub-Saharan Africa;Rwanda;Fruits;Online;8/6/2011;1549;9.33;6.92;14452.17;3733.09
Sub-Saharan Africa;Central African Republic;Personal Care;Online;11/6/2015;9005;81.73;56.67;735978.65;225665.30
Central America and the Caribbean;The Bahamas;Baby Food;Online;7/27/2012;6594;255.28;159.42;1683316.32;632100.84
Middle East and North Africa;Morocco;Fruits;Online;7/27/2010;5414;9.33;6.92;50512.62;13047.74
Sub-Saharan Africa;Mauritius ;Vegetables;Offline;12/5/2015;3595;154.06;90.93;553845.70;226952.35
Europe;Netherlands;Beverages;Online;1/26/2013;1298;47.45;31.79;61590.10;20326.68
North America;United States of America;Baby Food;Online;1/1/2014;5716;255.28;159.42;1459180.48;547935.76
Europe;Portugal;Beverages;Online;8/20/2016;6072;47.45;31.79;288116.40;95087.52
Australia and Oceania;Australia;Meat;Online;3/4/2016;8621;421.89;364.69;3637113.69;493121.20
Central America and the Caribbean;Antigua and Barbuda ;Cereal;Online;6/12/2016;1650;205.70;117.11;339405.00;146173.50
Europe;Greece;Cosmetics;Online;12/30/2010;475;437.20;263.33;207670.00;82588.25
Middle East and North Africa;Yemen;Cereal;Offline;2/22/2017;2445;205.70;117.11;502936.50;216602.55
Central America and the Caribbean;The Bahamas;Cereal;Offline;8/19/2011;1941;205.70;117.11;399263.70;171953.19
Europe;Macedonia;Fruits;Offline;2/14/2010;5373;9.33;6.92;50130.09;12948.93
Europe;Malta;Beverages;Offline;6/2/2010;6184;47.45;31.79;293430.80;96841.44
Asia;Kazakhstan;Snacks;Offline;5/21/2011;9847;152.58;97.44;1502455.26;542963.58
Asia;Uzbekistan;Cosmetics;Online;9/26/2016;8867;437.20;263.33;3876652.40;1541705.29
Europe;Norway;Household;Online;2/9/2016;7780;668.27;502.54;5199140.60;1289379.40
Asia;Thailand;Fruits;Offline;7/24/2011;8155;9.33;6.92;76086.15;19653.55
Middle East and North Africa;Israel;Meat;Online;10/16/2013;3588;421.89;364.69;1513741.32;205233.60
Asia;Kyrgyzstan;Cereal;Offline;8/18/2015;4711;205.70;117.11;969052.70;417347.49
Asia;South Korea;Personal Care;Offline;12/21/2010;4184;81.73;56.67;341958.32;104851.04
Sub-Saharan Africa;South Sudan;Personal Care;Offline;9/16/2013;1700;81.73;56.67;138941.00;42602.00
Asia;Sri Lanka;Fruits;Online;1/30/2016;8983;9.33;6.92;83811.39;21649.03
Sub-Saharan Africa;Eritrea;Cereal;Online;3/5/2015;4786;205.70;117.11;984480.20;423991.74
Central America and the Caribbean;Saint Lucia;Cosmetics;Online;9/20/2016;9897;437.20;263.33;4326968.40;1720791.39
Asia;Myanmar;Beverages;Online;2/26/2016;2133;47.45;31.79;101210.85;33402.78
Middle East and North Africa;Oman;Fruits;Online;7/17/2017;1342;9.33;6.92;12520.86;3234.22
Central America and the Caribbean;Dominica;Fruits;Online;8/31/2014;4405;9.33;6.92;41098.65;10616.05
Central America and the Caribbean;Jamaica;Clothes;Offline;7/4/2017;232;109.28;35.84;25352.96;17038.08
Middle East and North Africa;Azerbaijan;Household;Online;8/13/2010;4766;668.27;502.54;3184974.82;789869.18
Sub-Saharan Africa;Zimbabwe;Clothes;Online;6/20/2017;5980;109.28;35.84;653494.40;439171.20
Australia and Oceania;Tuvalu;Snacks;Offline;5/21/2013;8880;152.58;97.44;1354910.40;489643.20
Europe;Kosovo;Vegetables;Offline;8/11/2012;501;154.06;90.93;77184.06;31628.13
Europe;Sweden;Baby Food;Offline;7/12/2011;4911;255.28;159.42;1253680.08;470768.46
Central America and the Caribbean;Guatemala;Cereal;Offline;2/24/2015;8208;205.70;117.11;1688385.60;727146.72
Europe;Hungary;Cosmetics;Offline;8/18/2010;3523;437.20;263.33;1540255.60;612544.01
Europe;Germany;Vegetables;Offline;6/22/2016;6016;154.06;90.93;926824.96;379790.08
Europe;United Kingdom;Cereal;Online;8/9/2010;7880;205.70;117.11;1620916.00;698089.20
Sub-Saharan Africa;Central African Republic;Vegetables;Online;6/12/2017;3339;154.06;90.93;514406.34;210791.07
Asia;Turkmenistan;Vegetables;Online;4/5/2013;3647;154.06;90.93;561856.82;230235.11
Australia and Oceania;Fiji;Beverages;Offline;3/29/2013;2090;47.45;31.79;99170.50;32729.40
Central America and the Caribbean;Jamaica;Cosmetics;Offline;9/18/2014;8987;437.20;263.33;3929116.40;1562569.69
Central America and the Caribbean;Guatemala;Clothes;Offline;1/28/2016;6685;109.28;35.84;730536.80;490946.40
Sub-Saharan Africa;Burkina Faso;Personal Care;Offline;12/28/2012;4564;81.73;56.67;373015.72;114373.84
Europe;United Kingdom;Fruits;Offline;5/6/2017;4036;9.33;6.92;37655.88;9726.76
Middle East and North Africa;Morocco;Office Supplies;Online;7/29/2015;3543;651.21;524.96;2307237.03;447303.75
Sub-Saharan Africa;Cote d'Ivoire;Personal Care;Offline;5/1/2010;3559;81.73;56.67;290877.07;89188.54
Europe;Luxembourg;Cosmetics;Offline;9/9/2016;1588;437.20;263.33;694273.60;276105.56
Europe;Vatican City;Personal Care;Offline;12/5/2012;7166;81.73;56.67;585677.18;179579.96
Sub-Saharan Africa;Central African Republic;Cosmetics;Online;6/20/2012;6862;437.20;263.33;3000066.40;1193095.94
Europe;Romania;Baby Food;Offline;8/23/2014;9273;255.28;159.42;2367211.44;888909.78
Sub-Saharan Africa;Ethiopia;Vegetables;Offline;1/27/2016;30;154.06;90.93;4621.80;1893.90
Europe;Georgia;Cosmetics;Offline;6/8/2014;6793;437.20;263.33;2969899.60;1181098.91
Europe;Serbia;Meat;Online;4/7/2012;4255;421.89;364.69;1795141.95;243386.00
Middle East and North Africa;Saudi Arabia;Fruits;Online;2/28/2013;9140;9.33;6.92;85276.20;22027.40
Asia;Myanmar;Fruits;Online;6/5/2010;5203;9.33;6.92;48543.99;12539.23
Europe;Luxembourg;Cosmetics;Online;7/29/2013;8229;437.20;263.33;3597718.80;1430776.23
Australia and Oceania;Samoa ;Clothes;Online;4/2/2014;1036;109.28;35.84;113214.08;76083.84
Europe;Monaco;Personal Care;Online;9/29/2012;8473;81.73;56.67;692498.29;212333.38
Sub-Saharan Africa;Niger;Cosmetics;Offline;3/10/2014;2419;437.20;263.33;1057586.80;420591.53
Asia;Sri Lanka;Snacks;Offline;3/18/2017;6786;152.58;97.44;1035407.88;374180.04
Central America and the Caribbean;Dominica;Cosmetics;Offline;2/23/2010;2516;437.20;263.33;1099995.20;437456.92
Europe;San Marino;Cosmetics;Offline;9/7/2012;2583;437.20;263.33;1129287.60;449106.21
Europe;Liechtenstein;Fruits;Online;7/4/2011;6991;9.33;6.92;65226.03;16848.31
Sub-Saharan Africa;Sao Tome and Principe;Office Supplies;Offline;1/24/2017;7777;651.21;524.96;5064460.17;981846.25
Sub-Saharan Africa;Comoros;Clothes;Offline;5/22/2014;4009;109.28;35.84;438103.52;294420.96
Sub-Saharan Africa;Guinea;Fruits;Online;4/10/2012;6784;9.33;6.92;63294.72;16349.44
Middle East and North Africa;Jordan;Clothes;Online;10/23/2016;4232;109.28;35.84;462472.96;310798.08
Asia;Japan;Cereal;Offline;6/4/2012;6515;205.70;117.11;1340135.50;577163.85
Sub-Saharan Africa;Ghana;Baby Food;Online;2/11/2011;826;255.28;159.42;210861.28;79180.36
Sub-Saharan Africa;Comoros;Baby Food;Offline;10/19/2010;6387;255.28;159.42;1630473.36;612257.82
Central America and the Caribbean;Guatemala;Beverages;Online;4/1/2014;9454;47.45;31.79;448592.30;148049.64
Asia;Mongolia;Baby Food;Online;2/24/2010;8312;255.28;159.42;2121887.36;796788.32
Middle East and North Africa;Afghanistan;Beverages;Online;10/7/2014;8280;47.45;31.79;392886.00;129664.80
Sub-Saharan Africa;Comoros;Clothes;Offline;2/15/2015;6706;109.28;35.84;732831.68;492488.64
Asia;Kyrgyzstan;Beverages;Online;9/7/2010;7969;47.45;31.79;378129.05;124794.54
Europe;Kosovo;Meat;Offline;2/9/2017;8481;421.89;364.69;3578049.09;485113.20
Europe;Albania;Clothes;Offline;1/21/2017;1684;109.28;35.84;184027.52;123672.96
Middle East and North Africa;Iran;Personal Care;Offline;12/19/2016;3052;81.73;56.67;249439.96;76483.12
Australia and Oceania;Nauru;Baby Food;Offline;12/22/2012;5090;255.28;159.42;1299375.20;487927.40
Europe;Greece;Clothes;Online;6/11/2017;2334;109.28;35.84;255059.52;171408.96
North America;Greenland;Snacks;Offline;4/13/2017;6351;152.58;97.44;969035.58;350194.14
Europe;Switzerland;Snacks;Online;8/13/2015;739;152.58;97.44;112756.62;40748.46
Sub-Saharan Africa;Central African Republic;Vegetables;Online;11/5/2012;6130;154.06;90.93;944387.80;386986.90
Europe;Luxembourg;Baby Food;Online;6/11/2010;5183;255.28;159.42;1323116.24;496842.38
Europe;Germany;Vegetables;Online;9/23/2014;7592;154.06;90.93;1169623.52;479282.96
Asia;Thailand;Personal Care;Online;5/12/2010;5079;81.73;56.67;415106.67;127279.74
Sub-Saharan Africa;Cape Verde;Fruits;Offline;2/25/2017;6400;9.33;6.92;59712.00;15424.00
Australia and Oceania;Marshall Islands;Office Supplies;Online;7/18/2010;2341;651.21;524.96;1524482.61;295551.25
Asia;Turkmenistan;Office Supplies;Offline;4/3/2016;720;651.21;524.96;468871.20;90900.00
Europe;Malta;Cosmetics;Online;8/22/2015;1384;437.20;263.33;605084.80;240636.08
Europe;Georgia;Beverages;Online;1/17/2010;1214;47.45;31.79;57604.30;19011.24
Europe;Germany;Fruits;Online;1/13/2017;9121;9.33;6.92;85098.93;21981.61
Europe;Albania;Vegetables;Online;8/2/2013;1048;154.06;90.93;161454.88;66160.24
Sub-Saharan Africa;Mali;Snacks;Offline;8/6/2015;4967;152.58;97.44;757864.86;273880.38
Asia;Maldives;Office Supplies;Online;7/13/2013;5884;651.21;524.96;3831719.64;742855.00
Asia;Malaysia;Clothes;Offline;1/24/2014;835;109.28;35.84;91248.80;61322.40
Middle East and North Africa;Israel;Vegetables;Offline;7/31/2013;3888;154.06;90.93;598985.28;245449.44
Sub-Saharan Africa;Cape Verde;Household;Offline;2/2/2017;1140;668.27;502.54;761827.80;188932.20
Europe;Albania;Cosmetics;Online;10/2/2011;5723;437.20;263.33;2502095.60;995058.01
Europe;Serbia;Cereal;Offline;1/25/2016;2796;205.70;117.11;575137.20;247697.64
Middle East and North Africa;Yemen;Household;Offline;7/12/2015;4553;668.27;502.54;3042633.31;754568.69
Europe;Serbia;Baby Food;Offline;11/5/2011;5217;255.28;159.42;1331795.76;500101.62
Europe;France;Vegetables;Online;7/28/2011;6042;154.06;90.93;930830.52;381431.46
Australia and Oceania;Vanuatu;Office Supplies;Offline;10/2/2014;316;651.21;524.96;205782.36;39895.00
Australia and Oceania;Kiribati;Office Supplies;Offline;2/24/2011;8355;651.21;524.96;5440859.55;1054818.75
Central America and the Caribbean;Costa Rica;Baby Food;Offline;4/16/2014;2508;255.28;159.42;640242.24;240416.88
Sub-Saharan Africa;Comoros;Baby Food;Online;4/12/2012;2155;255.28;159.42;550128.40;206578.30
Asia;China;Cereal;Online;12/29/2016;8707;205.70;117.11;1791029.90;771353.13
Central America and the Caribbean;Dominican Republic;Beverages;Offline;11/16/2014;607;47.45;31.79;28802.15;9505.62
Europe;Italy;Beverages;Offline;2/24/2016;8327;47.45;31.79;395116.15;130400.82
Sub-Saharan Africa;Ghana;Personal Care;Online;3/2/2013;9374;81.73;56.67;766137.02;234912.44
Australia and Oceania;Papua New Guinea;Fruits;Offline;7/3/2014;3282;9.33;6.92;30621.06;7909.62
Central America and the Caribbean;Saint Lucia;Vegetables;Offline;11/8/2010;6621;154.06;90.93;1020031.26;417983.73
Europe;Cyprus;Beverages;Online;9/14/2016;7987;47.45;31.79;378983.15;125076.42
Sub-Saharan Africa;Zimbabwe;Cosmetics;Online;7/11/2013;3011;437.20;263.33;1316409.20;523522.57
Middle East and North Africa;Somalia;Cosmetics;Offline;2/22/2014;9354;437.20;263.33;4089568.80;1626379.98
Europe;Spain;Beverages;Online;7/9/2013;1709;47.45;31.79;81092.05;26762.94
Sub-Saharan Africa;Kenya;Fruits;Online;4/2/2015;6799;9.33;6.92;63434.67;16385.59
Central America and the Caribbean;Belize;Cereal;Offline;8/22/2012;8379;205.70;117.11;1723560.30;742295.61
Middle East and North Africa;Somalia;Baby Food;Offline;3/17/2015;2235;255.28;159.42;570550.80;214247.10
Central America and the Caribbean;The Bahamas;Snacks;Offline;8/4/2014;1185;152.58;97.44;180807.30;65340.90
Middle East and North Africa;Iran;Cosmetics;Online;1/29/2011;77;437.20;263.33;33664.40;13387.99
Asia;Uzbekistan;Office Supplies;Offline;5/19/2017;791;651.21;524.96;515107.11;99863.75
Europe;Ireland;Baby Food;Online;12/24/2016;7238;255.28;159.42;1847716.64;693834.68
Middle East and North Africa;Qatar;Office Supplies;Offline;5/10/2013;361;651.21;524.96;235086.81;45576.25
Sub-Saharan Africa;Uganda;Clothes;Online;1/19/2011;3133;109.28;35.84;342374.24;230087.52
Asia;Cambodia;Office Supplies;Offline;11/21/2011;5559;651.21;524.96;3620076.39;701823.75
Asia;Kyrgyzstan;Office Supplies;Offline;3/8/2011;9675;651.21;524.96;6300456.75;1221468.75
Australia and Oceania;Australia;Clothes;Offline;9/4/2016;4548;109.28;35.84;497005.44;334005.12
Europe;Italy;Office Supplies;Offline;6/15/2014;1278;651.21;524.96;832246.38;161347.50
Central America and the Caribbean;Jamaica;Office Supplies;Online;8/6/2010;7995;651.21;524.96;5206423.95;1009368.75
Sub-Saharan Africa;Cameroon;Vegetables;Offline;4/2/2012;4858;154.06;90.93;748423.48;306685.54
Asia;Japan;Cosmetics;Offline;4/10/2016;9061;437.20;263.33;3961469.20;1575436.07
Asia;Cambodia;Fruits;Online;1/3/2013;9827;9.33;6.92;91685.91;23683.07
Europe;Germany;Meat;Online;10/18/2012;3412;421.89;364.69;1439488.68;195166.40
Sub-Saharan Africa;Burkina Faso;Cosmetics;Offline;11/26/2011;8100;437.20;263.33;3541320.00;1408347.00
Australia and Oceania;Tuvalu;Clothes;Online;6/8/2011;9211;109.28;35.84;1006578.08;676455.84
Middle East and North Africa;Morocco;Personal Care;Online;7/29/2013;4091;81.73;56.67;334357.43;102520.46
Central America and the Caribbean;Jamaica;Beverages;Online;3/17/2010;7122;47.45;31.79;337938.90;111530.52
Europe;Malta;Baby Food;Offline;12/30/2016;4714;255.28;159.42;1203389.92;451884.04
Middle East and North Africa;Iraq;Snacks;Offline;8/6/2016;310;152.58;97.44;47299.80;17093.40
Europe;Hungary;Meat;Offline;6/13/2015;9383;421.89;364.69;3958593.87;536707.60
Sub-Saharan Africa;Nigeria;Baby Food;Offline;4/6/2017;4439;255.28;159.42;1133187.92;425522.54
Europe;Finland;Cereal;Online;9/6/2011;12;205.70;117.11;2468.40;1063.08
Asia;Cambodia;Household;Online;11/27/2015;7672;668.27;502.54;5126967.44;1271480.56
Sub-Saharan Africa;Tanzania;Vegetables;Offline;5/4/2010;1016;154.06;90.93;156524.96;64140.08
Europe;Latvia;Snacks;Offline;7/15/2010;674;152.58;97.44;102838.92;37164.36
Sub-Saharan Africa;Namibia;Personal Care;Online;5/22/2010;9307;81.73;56.67;760661.11;233233.42
Sub-Saharan Africa;Uganda;Vegetables;Online;3/20/2016;6608;154.06;90.93;1018028.48;417163.04
Middle East and North Africa;Lebanon;Cosmetics;Online;9/8/2012;4301;437.20;263.33;1880397.20;747814.87
Sub-Saharan Africa;Comoros;Household;Offline;1/13/2012;1139;668.27;502.54;761159.53;188766.47
Europe;Bosnia and Herzegovina;Snacks;Online;5/31/2012;7911;152.58;97.44;1207060.38;436212.54
Middle East and North Africa;Syria;Cereal;Offline;10/30/2016;2432;205.70;117.11;500262.40;215450.88
Sub-Saharan Africa;Cameroon;Vegetables;Offline;3/18/2014;4551;154.06;90.93;701127.06;287304.63
Middle East and North Africa;Israel;Clothes;Online;6/23/2013;1149;109.28;35.84;125562.72;84382.56
Middle East and North Africa;Bahrain;Baby Food;Offline;1/15/2017;1136;255.28;159.42;289998.08;108896.96
Europe;Norway;Fruits;Offline;1/11/2017;455;9.33;6.92;4245.15;1096.55
Sub-Saharan Africa;Guinea;Cereal;Online;3/12/2014;7079;205.70;117.11;1456150.30;627128.61
Middle East and North Africa;Pakistan;Fruits;Offline;2/24/2014;6014;9.33;6.92;56110.62;14493.74
Sub-Saharan Africa;Mauritania;Vegetables;Online;12/29/2015;4295;154.06;90.93;661687.70;271143.35
Australia and Oceania;East Timor;Beverages;Offline;2/9/2016;5990;47.45;31.79;284225.50;93803.40
Sub-Saharan Africa;Rwanda;Meat;Online;12/8/2011;7198;421.89;364.69;3036764.22;411725.60
Middle East and North Africa;Saudi Arabia;Office Supplies;Offline;5/6/2013;1048;651.21;524.96;682468.08;132310.00
Sub-Saharan Africa;Benin;Beverages;Offline;2/17/2016;2701;47.45;31.79;128162.45;42297.66
Asia;Maldives;Office Supplies;Online;5/8/2013;4350;651.21;524.96;2832763.50;549187.50
Europe;Cyprus;Snacks;Online;4/16/2014;219;152.58;97.44;33415.02;12075.66
Central America and the Caribbean;Nicaragua;Meat;Offline;5/10/2010;1562;421.89;364.69;658992.18;89346.40
Asia;Tajikistan;Cosmetics;Offline;9/27/2016;1666;437.20;263.33;728375.20;289667.42
Europe;Croatia;Beverages;Offline;8/18/2015;848;47.45;31.79;40237.60;13279.68
Central America and the Caribbean;Haiti;Office Supplies;Online;12/23/2012;1456;651.21;524.96;948161.76;183820.00
Sub-Saharan Africa;Mali;Household;Online;1/15/2012;2871;668.27;502.54;1918603.17;475810.83
Central America and the Caribbean;Dominican Republic;Cosmetics;Online;2/12/2017;6503;437.20;263.33;2843111.60;1130676.61
Asia;Indonesia;Personal Care;Offline;8/26/2014;795;81.73;56.67;64975.35;19922.70
Asia;Sri Lanka;Office Supplies;Online;11/12/2014;6221;651.21;524.96;4051177.41;785401.25
Middle East and North Africa;Iran;Cosmetics;Offline;2/12/2010;285;437.20;263.33;124602.00;49552.95
Europe;San Marino;Cosmetics;Online;7/19/2016;2523;437.20;263.33;1103055.60;438674.01
Central America and the Caribbean;Trinidad and Tobago;Clothes;Offline;4/14/2017;9504;109.28;35.84;1038597.12;697973.76
Middle East and North Africa;Saudi Arabia;Baby Food;Offline;9/1/2011;9825;255.28;159.42;2508126.00;941824.50
Asia;Vietnam;Fruits;Online;6/14/2011;9117;9.33;6.92;85061.61;21971.97
Middle East and North Africa;Jordan;Vegetables;Online;4/29/2014;5041;154.06;90.93;776616.46;318238.33
Central America and the Caribbean;Costa Rica;Meat;Online;4/1/2015;2288;421.89;364.69;965284.32;130873.60
Europe;Italy;Office Supplies;Offline;3/30/2010;7583;651.21;524.96;4938125.43;957353.75
Asia;Taiwan;Baby Food;Offline;5/2/2015;4681;255.28;159.42;1194965.68;448720.66
Asia;Turkmenistan;Baby Food;Offline;4/24/2017;9367;255.28;159.42;2391207.76;897920.62
Middle East and North Africa;Kuwait;Cosmetics;Online;5/27/2015;4459;437.20;263.33;1949474.80;775286.33
Australia and Oceania;Papua New Guinea;Snacks;Online;6/16/2017;4806;152.58;97.44;733299.48;265002.84
Europe;Spain;Snacks;Offline;6/22/2013;2288;152.58;97.44;349103.04;126160.32
Sub-Saharan Africa;Comoros;Vegetables;Offline;3/22/2017;815;154.06;90.93;125558.90;51450.95
Australia and Oceania;Kiribati;Beverages;Online;1/13/2017;1330;47.45;31.79;63108.50;20827.80
Europe;Latvia;Personal Care;Offline;6/17/2017;6807;81.73;56.67;556336.11;170583.42
Sub-Saharan Africa;Cape Verde;Snacks;Online;9/28/2012;7251;152.58;97.44;1106357.58;399820.14
Europe;Denmark;Personal Care;Online;5/7/2013;4697;81.73;56.67;383885.81;117706.82
Middle East and North Africa;Kuwait;Beverages;Online;11/13/2011;8213;47.45;31.79;389706.85;128615.58
Asia;Laos;Snacks;Online;2/8/2017;8898;152.58;97.44;1357656.84;490635.72
Asia;Taiwan;Fruits;Offline;6/5/2012;4882;9.33;6.92;45549.06;11765.62
Europe;Lithuania;Snacks;Online;7/20/2012;6326;152.58;97.44;965221.08;348815.64
Europe;Ireland;Meat;Offline;5/2/2014;421;421.89;364.69;177615.69;24081.20
Europe;Kosovo;Clothes;Offline;9/10/2015;6393;109.28;35.84;698627.04;469501.92
Middle East and North Africa;Egypt;Fruits;Offline;10/26/2011;494;9.33;6.92;4609.02;1190.54
Europe;Denmark;Meat;Offline;2/15/2014;1013;421.89;364.69;427374.57;57943.60
Sub-Saharan Africa;Togo;Snacks;Online;2/25/2016;3266;152.58;97.44;498326.28;180087.24
Sub-Saharan Africa;Guinea-Bissau;Personal Care;Offline;7/2/2012;4602;81.73;56.67;376121.46;115326.12
Middle East and North Africa;Turkey;Cosmetics;Online;3/16/2010;9400;437.20;263.33;4109680.00;1634378.00
Europe;United Kingdom;Personal Care;Offline;5/10/2017;4073;81.73;56.67;332886.29;102069.38
Middle East and North Africa;Azerbaijan;Cereal;Offline;8/10/2016;2061;205.70;117.11;423947.70;182583.99
Central America and the Caribbean;Jamaica;Personal Care;Offline;5/27/2014;8839;81.73;56.67;722411.47;221505.34
Sub-Saharan Africa;Kenya;Cosmetics;Online;6/14/2014;6912;437.20;263.33;3021926.40;1201789.44
Europe;Ireland;Meat;Offline;12/18/2013;816;421.89;364.69;344262.24;46675.20
Central America and the Caribbean;The Bahamas;Personal Care;Offline;12/31/2014;2118;81.73;56.67;173104.14;53077.08
Europe;Finland;Baby Food;Offline;2/9/2013;4417;255.28;159.42;1127571.76;423413.62
Middle East and North Africa;Azerbaijan;Office Supplies;Offline;4/9/2016;8342;651.21;524.96;5432393.82;1053177.50
Europe;Bulgaria;Office Supplies;Online;10/22/2010;6556;651.21;524.96;4269332.76;827695.00
Europe;Switzerland;Meat;Offline;8/11/2010;8749;421.89;364.69;3691115.61;500442.80
Europe;Estonia;Beverages;Online;6/28/2015;6647;47.45;31.79;315400.15;104092.02
Sub-Saharan Africa;Lesotho;Fruits;Offline;12/17/2014;9003;9.33;6.92;83997.99;21697.23
Sub-Saharan Africa;Cote d'Ivoire;Meat;Online;10/3/2014;6605;421.89;364.69;2786583.45;377806.00
Europe;Macedonia;Baby Food;Online;4/21/2010;7268;255.28;159.42;1855375.04;696710.48
Asia;Cambodia;Household;Offline;4/2/2013;843;668.27;502.54;563351.61;139710.39
Asia;Maldives;Clothes;Online;5/18/2017;4208;109.28;35.84;459850.24;309035.52
Asia;China;Beverages;Online;7/9/2017;6275;47.45;31.79;297748.75;98266.50
Sub-Saharan Africa;Cameroon;Vegetables;Online;5/16/2013;2987;154.06;90.93;460177.22;188569.31
Sub-Saharan Africa;Liberia;Office Supplies;Online;4/8/2013;2316;651.21;524.96;1508202.36;292395.00
Europe;Monaco;Cosmetics;Offline;3/30/2015;9269;437.20;263.33;4052406.80;1611601.03
Central America and the Caribbean;Honduras;Cereal;Offline;10/27/2010;880;205.70;117.11;181016.00;77959.20
Sub-Saharan Africa;Djibouti;Clothes;Online;7/14/2011;1218;109.28;35.84;133103.04;89449.92
Asia;South Korea;Meat;Online;10/28/2014;6380;421.89;364.69;2691658.20;364936.00
Middle East and North Africa;United Arab Emirates;Snacks;Online;6/1/2015;9498;152.58;97.44;1449204.84;523719.72
Sub-Saharan Africa;Zambia;Baby Food;Offline;8/31/2016;5731;255.28;159.42;1463009.68;549373.66
Australia and Oceania;Nauru;Office Supplies;Online;8/25/2011;7273;651.21;524.96;4736250.33;918216.25
Middle East and North Africa;Qatar;Beverages;Online;3/17/2017;8347;47.45;31.79;396065.15;130714.02
Australia and Oceania;Samoa ;Snacks;Offline;3/9/2017;208;152.58;97.44;31736.64;11469.12
Europe;Bulgaria;Cereal;Online;8/18/2011;6142;205.70;117.11;1263409.40;544119.78
Sub-Saharan Africa;Gabon;Personal Care;Offline;1/2/2013;6466;81.73;56.67;528466.18;162037.96
Sub-Saharan Africa;Chad;Cereal;Offline;2/21/2012;3529;205.70;117.11;725915.30;312634.11
Australia and Oceania;Palau;Meat;Offline;4/10/2012;6711;421.89;364.69;2831303.79;383869.20
Middle East and North Africa;Oman;Office Supplies;Online;2/21/2010;7423;651.21;524.96;4833931.83;937153.75
North America;Mexico;Office Supplies;Online;11/25/2014;4108;651.21;524.96;2675170.68;518635.00
Sub-Saharan Africa;Togo;Cereal;Online;1/21/2014;7239;205.70;117.11;1489062.30;641303.01
Central America and the Caribbean;Saint Vincent and the Grenadines;Beverages;Online;2/11/2015;4321;47.45;31.79;205031.45;67666.86
Asia;North Korea;Cosmetics;Offline;6/30/2011;4889;437.20;263.33;2137470.80;850050.43
Sub-Saharan Africa;Cote d'Ivoire;Fruits;Online;8/13/2016;5513;9.33;6.92;51436.29;13286.33
Middle East and North Africa;Morocco;Fruits;Offline;9/3/2014;4789;9.33;6.92;44681.37;11541.49
Europe;Monaco;Office Supplies;Online;6/4/2017;8349;651.21;524.96;5436952.29;1054061.25
Middle East and North Africa;Lebanon;Clothes;Online;12/25/2014;3852;109.28;35.84;420946.56;282890.88
Sub-Saharan Africa;Comoros;Fruits;Online;6/13/2017;5992;9.33;6.92;55905.36;14440.72
Asia;South Korea;Clothes;Offline;4/12/2013;1492;109.28;35.84;163045.76;109572.48
Sub-Saharan Africa;Cote d'Ivoire;Cosmetics;Online;12/3/2010;4107;437.20;263.33;1795580.40;714084.09
Asia;Mongolia;Fruits;Online;4/25/2012;9624;9.33;6.92;89791.92;23193.84
Sub-Saharan Africa;Uganda;Personal Care;Offline;9/7/2016;859;81.73;56.67;70206.07;21526.54
Sub-Saharan Africa;Niger;Snacks;Online;9/27/2016;2661;152.58;97.44;406015.38;146727.54
Australia and Oceania;Australia;Office Supplies;Offline;1/15/2010;6910;651.21;524.96;4499861.10;872387.50
Asia;Singapore;Snacks;Online;5/13/2010;7517;152.58;97.44;1146943.86;414487.38
Sub-Saharan Africa;Comoros;Meat;Online;8/13/2013;5425;421.89;364.69;2288753.25;310310.00
Australia and Oceania;Federated States of Micronesia;Personal Care;Offline;10/7/2016;3607;81.73;56.67;294800.11;90391.42
Europe;Montenegro;Office Supplies;Offline;1/26/2014;2068;651.21;524.96;1346702.28;261085.00
Sub-Saharan Africa;Benin;Beverages;Online;12/26/2015;2844;47.45;31.79;134947.80;44537.04
North America;Canada;Fruits;Online;2/8/2015;5003;9.33;6.92;46677.99;12057.23
Sub-Saharan Africa;Mauritania;Office Supplies;Offline;8/28/2012;9643;651.21;524.96;6279618.03;1217428.75
Sub-Saharan Africa;Burkina Faso;Fruits;Offline;9/25/2014;4895;9.33;6.92;45670.35;11796.95
Middle East and North Africa;Iraq;Meat;Online;4/29/2013;918;421.89;364.69;387295.02;52509.60
Sub-Saharan Africa;Lesotho;Cereal;Offline;11/12/2012;4906;205.70;117.11;1009164.20;434622.54
Sub-Saharan Africa;Namibia;Office Supplies;Offline;4/10/2011;6083;651.21;524.96;3961310.43;767978.75
Asia;Japan;Fruits;Online;4/25/2011;702;9.33;6.92;6549.66;1691.82
Asia;North Korea;Baby Food;Online;10/27/2016;7051;255.28;159.42;1799979.28;675908.86
Sub-Saharan Africa;South Africa;Cereal;Online;10/7/2013;447;205.70;117.11;91947.90;39599.73
Europe;Liechtenstein;Snacks;Online;11/25/2011;8237;152.58;97.44;1256801.46;454188.18
Australia and Oceania;Marshall Islands;Personal Care;Online;9/4/2010;4803;81.73;56.67;392549.19;120363.18
Sub-Saharan Africa;Burundi;Office Supplies;Online;8/13/2010;6556;651.21;524.96;4269332.76;827695.00
Middle East and North Africa;Jordan;Personal Care;Online;2/4/2017;6937;81.73;56.67;566961.01;173841.22
Australia and Oceania;Marshall Islands;Beverages;Offline;10/30/2013;1420;47.45;31.79;67379.00;22237.20
Sub-Saharan Africa;Liberia;Meat;Online;2/10/2012;2511;421.89;364.69;1059365.79;143629.20
Europe;Serbia;Cosmetics;Offline;9/19/2016;4744;437.20;263.33;2074076.80;824839.28
Middle East and North Africa;Azerbaijan;Clothes;Online;7/26/2014;9689;109.28;35.84;1058813.92;711560.16
Sub-Saharan Africa;Sao Tome and Principe;Snacks;Online;5/9/2016;943;152.58;97.44;143882.94;51997.02
Australia and Oceania;Solomon Islands;Fruits;Online;11/28/2014;9136;9.33;6.92;85238.88;22017.76
Sub-Saharan Africa;Senegal;Vegetables;Online;9/13/2011;6930;154.06;90.93;1067635.80;437490.90
Middle East and North Africa;Iraq;Snacks;Offline;1/17/2013;4016;152.58;97.44;612761.28;221442.24
North America;Mexico;Beverages;Online;3/10/2011;2119;47.45;31.79;100546.55;33183.54
Australia and Oceania;East Timor;Baby Food;Offline;10/15/2010;9993;255.28;159.42;2551013.04;957928.98
Middle East and North Africa;Libya;Fruits;Offline;7/27/2017;8424;9.33;6.92;78595.92;20301.84
Central America and the Caribbean;Trinidad and Tobago;Baby Food;Offline;10/29/2011;5230;255.28;159.42;1335114.40;501347.80
Europe;Luxembourg;Cosmetics;Online;10/8/2012;260;437.20;263.33;113672.00;45206.20
Asia;Indonesia;Beverages;Offline;3/7/2014;393;47.45;31.79;18647.85;6154.38
Australia and Oceania;Nauru;Cereal;Offline;11/24/2010;4540;205.70;117.11;933878.00;402198.60
Australia and Oceania;Tuvalu;Personal Care;Offline;3/11/2010;8644;81.73;56.67;706474.12;216618.64
Sub-Saharan Africa;South Sudan;Cereal;Online;10/24/2012;679;205.70;117.11;139670.30;60152.61
Sub-Saharan Africa;Chad;Vegetables;Online;10/21/2016;5648;154.06;90.93;870130.88;356558.24
Europe;Serbia;Baby Food;Offline;9/11/2013;590;255.28;159.42;150615.20;56557.40
Central America and the Caribbean;Grenada;Household;Offline;1/3/2015;9570;668.27;502.54;6395343.90;1586036.10
Europe;Denmark;Household;Offline;8/12/2010;8688;668.27;502.54;5805929.76;1439862.24
Europe;Georgia;Office Supplies;Offline;5/20/2010;1073;651.21;524.96;698748.33;135466.25
Middle East and North Africa;Oman;Vegetables;Offline;2/7/2010;1886;154.06;90.93;290557.16;119063.18
Sub-Saharan Africa;Swaziland;Meat;Offline;6/2/2010;3321;421.89;364.69;1401096.69;189961.20
Middle East and North Africa;Kuwait;Cosmetics;Online;1/10/2013;9600;437.20;263.33;4197120.00;1669152.00
Europe;Ireland;Office Supplies;Offline;12/1/2016;1978;651.21;524.96;1288093.38;249722.50
Central America and the Caribbean;The Bahamas;Cosmetics;Offline;7/24/2014;3742;437.20;263.33;1636002.40;650621.54
Middle East and North Africa;Tunisia ;Office Supplies;Offline;11/10/2010;5209;651.21;524.96;3392152.89;657636.25
Sub-Saharan Africa;Sierra Leone;Beverages;Online;10/11/2011;8727;47.45;31.79;414096.15;136664.82
Middle East and North Africa;Israel;Meat;Offline;12/24/2012;3677;421.89;364.69;1551289.53;210324.40
Sub-Saharan Africa;Zambia;Snacks;Online;3/18/2011;1469;152.58;97.44;224140.02;81000.66
Asia;Sri Lanka;Meat;Online;8/16/2015;546;421.89;364.69;230351.94;31231.20
Sub-Saharan Africa;Ethiopia;Baby Food;Online;9/21/2013;1382;255.28;159.42;352796.96;132478.52
Middle East and North Africa;Jordan;Beverages;Online;1/4/2013;1482;47.45;31.79;70320.90;23208.12
Sub-Saharan Africa;Burundi;Office Supplies;Online;6/27/2014;381;651.21;524.96;248111.01;48101.25
Sub-Saharan Africa;Seychelles ;Baby Food;Offline;6/3/2016;4646;255.28;159.42;1186030.88;445365.56
Middle East and North Africa;Turkey;Clothes;Offline;7/31/2010;2878;109.28;35.84;314507.84;211360.32
Sub-Saharan Africa;Liberia;Snacks;Online;4/19/2016;705;152.58;97.44;107568.90;38873.70
Europe;Andorra;Vegetables;Online;2/10/2016;5788;154.06;90.93;891699.28;365396.44
Sub-Saharan Africa;Zambia;Cosmetics;Online;7/20/2012;2821;437.20;263.33;1233341.20;490487.27
Sub-Saharan Africa;Liberia;Vegetables;Offline;10/15/2016;8526;154.06;90.93;1313515.56;538246.38
Europe;Latvia;Personal Care;Online;7/23/2014;6659;81.73;56.67;544240.07;166874.54
Asia;Philippines;Personal Care;Offline;5/15/2015;3005;81.73;56.67;245598.65;75305.30
Sub-Saharan Africa;Botswana;Fruits;Offline;11/14/2010;383;9.33;6.92;3573.39;923.03
Sub-Saharan Africa;The Gambia;Beverages;Offline;6/28/2016;3640;47.45;31.79;172718.00;57002.40
Europe;Lithuania;Fruits;Online;8/26/2014;4657;9.33;6.92;43449.81;11223.37
Central America and the Caribbean;Barbados;Personal Care;Online;7/21/2011;7344;81.73;56.67;600225.12;184040.64
North America;Mexico;Office Supplies;Offline;9/2/2010;2644;651.21;524.96;1721799.24;333805.00
Central America and the Caribbean;Barbados;Snacks;Offline;7/20/2016;3531;152.58;97.44;538759.98;194699.34
Middle East and North Africa;Somalia;Cosmetics;Online;11/15/2015;10;437.20;263.33;4372.00;1738.70
Asia;Laos;Office Supplies;Offline;7/11/2011;4117;651.21;524.96;2681031.57;519771.25
Australia and Oceania;Fiji;Snacks;Offline;3/30/2011;4918;152.58;97.44;750388.44;271178.52
Central America and the Caribbean;Honduras;Cosmetics;Online;4/4/2016;3513;437.20;263.33;1535883.60;610805.31
Europe;Belarus;Office Supplies;Online;7/5/2017;8032;651.21;524.96;5230518.72;1014040.00
Asia;China;Office Supplies;Offline;7/29/2014;8636;651.21;524.96;5623849.56;1090295.00
Middle East and North Africa;Tunisia ;Snacks;Offline;11/15/2011;2516;152.58;97.44;383891.28;138732.24
Europe;Czech Republic;Fruits;Online;11/25/2014;8898;9.33;6.92;83018.34;21444.18
Australia and Oceania;Solomon Islands;Office Supplies;Offline;4/13/2011;4035;651.21;524.96;2627632.35;509418.75
Sub-Saharan Africa;Niger;Household;Online;6/2/2012;6214;668.27;502.54;4152629.78;1029846.22
Sub-Saharan Africa;Uganda;Meat;Online;11/9/2011;752;421.89;364.69;317261.28;43014.40
Asia;Nepal;Fruits;Offline;10/9/2011;4998;9.33;6.92;46631.34;12045.18
Sub-Saharan Africa;Central African Republic;Cosmetics;Online;8/15/2011;3332;437.20;263.33;1456750.40;579334.84
Sub-Saharan Africa;Uganda;Office Supplies;Online;12/4/2011;2164;651.21;524.96;1409218.44;273205.00
Europe;Austria;Fruits;Online;6/25/2010;4937;9.33;6.92;46062.21;11898.17
Europe;Cyprus;Office Supplies;Online;9/24/2013;7126;651.21;524.96;4640522.46;899657.50
Sub-Saharan Africa;Senegal;Cereal;Online;3/31/2010;1234;205.70;117.11;253833.80;109320.06
Central America and the Caribbean;Saint Lucia;Baby Food;Online;5/17/2012;1798;255.28;159.42;458993.44;172356.28
Sub-Saharan Africa;Mozambique;Cereal;Online;8/11/2014;385;205.70;117.11;79194.50;34107.15
Europe;Malta;Beverages;Offline;7/1/2012;594;47.45;31.79;28185.30;9302.04
Sub-Saharan Africa;Sierra Leone;Fruits;Online;1/7/2014;3055;9.33;6.92;28503.15;7362.55
Europe;Portugal;Meat;Offline;1/24/2013;428;421.89;364.69;180568.92;24481.60
Sub-Saharan Africa;Zambia;Vegetables;Online;12/17/2015;2407;154.06;90.93;370822.42;151953.91
Sub-Saharan Africa;Malawi;Baby Food;Offline;12/8/2014;715;255.28;159.42;182525.20;68539.90
Asia;Turkmenistan;Beverages;Offline;8/29/2014;4107;47.45;31.79;194877.15;64315.62
Sub-Saharan Africa;The Gambia;Fruits;Offline;4/14/2013;3368;9.33;6.92;31423.44;8116.88
Australia and Oceania;Nauru;Fruits;Online;10/26/2013;6317;9.33;6.92;58937.61;15223.97
Sub-Saharan Africa;Sierra Leone;Beverages;Offline;10/4/2012;2801;47.45;31.79;132907.45;43863.66
Asia;North Korea;Vegetables;Online;6/16/2011;9702;154.06;90.93;1494690.12;612487.26
Australia and Oceania;Kiribati;Office Supplies;Offline;4/28/2012;5929;651.21;524.96;3861024.09;748536.25
Europe;Germany;Baby Food;Online;1/20/2015;7426;255.28;159.42;1895709.28;711856.36
Asia;China;Snacks;Offline;10/31/2012;2166;152.58;97.44;330488.28;119433.24
Asia;Japan;Clothes;Online;4/10/2011;5153;109.28;35.84;563119.84;378436.32
Europe;Luxembourg;Cosmetics;Online;1/16/2017;3425;437.20;263.33;1497410.00;595504.75
North America;Canada;Snacks;Online;5/19/2011;1047;152.58;97.44;159751.26;57731.58
Sub-Saharan Africa;Botswana;Baby Food;Offline;6/13/2014;4120;255.28;159.42;1051753.60;394943.20
Europe;Sweden;Fruits;Online;5/25/2013;5773;9.33;6.92;53862.09;13912.93
Central America and the Caribbean;Dominican Republic;Clothes;Online;8/3/2011;1166;109.28;35.84;127420.48;85631.04
Sub-Saharan Africa;Sudan;Snacks;Offline;3/26/2017;2493;152.58;97.44;380381.94;137464.02
Middle East and North Africa;Pakistan;Personal Care;Offline;11/22/2016;3977;81.73;56.67;325040.21;99663.62
Sub-Saharan Africa;Rwanda;Cosmetics;Offline;2/13/2017;6873;437.20;263.33;3004875.60;1195008.51
Sub-Saharan Africa;South Africa;Office Supplies;Offline;5/24/2010;4467;651.21;524.96;2908955.07;563958.75
Sub-Saharan Africa;Mauritius ;Office Supplies;Offline;10/4/2016;7077;651.21;524.96;4608613.17;893471.25
Asia;Mongolia;Beverages;Offline;11/20/2011;7050;47.45;31.79;334522.50;110403.00
Europe;Russia;Household;Online;3/1/2014;3768;668.27;502.54;2518041.36;624470.64
Sub-Saharan Africa;Benin;Office Supplies;Online;10/2/2012;8640;651.21;524.96;5626454.40;1090800.00
Sub-Saharan Africa;Equatorial Guinea;Clothes;Online;10/25/2016;110;109.28;35.84;12020.80;8078.40
Sub-Saharan Africa;Angola;Cereal;Online;11/10/2013;8651;205.70;117.11;1779510.70;766392.09
Sub-Saharan Africa;Liberia;Cereal;Offline;5/20/2011;1768;205.70;117.11;363677.60;156627.12
Europe;Iceland;Snacks;Offline;5/19/2010;8997;152.58;97.44;1372762.26;496094.58
Asia;South Korea;Beverages;Offline;9/13/2016;6905;47.45;31.79;327642.25;108132.30
Europe;Germany;Office Supplies;Offline;7/15/2014;4092;651.21;524.96;2664751.32;516615.00
Middle East and North Africa;Libya;Office Supplies;Online;8/24/2015;6186;651.21;524.96;4028385.06;780982.50
Europe;Luxembourg;Cereal;Offline;2/20/2010;850;205.70;117.11;174845.00;75301.50
Middle East and North Africa;Iran;Vegetables;Offline;9/13/2015;2775;154.06;90.93;427516.50;175185.75
Central America and the Caribbean;Dominica;Baby Food;Offline;3/14/2013;8685;255.28;159.42;2217106.80;832544.10
Asia;Thailand;Cereal;Offline;2/4/2011;2336;205.70;117.11;480515.20;206946.24
Middle East and North Africa;Iraq;Cosmetics;Online;4/28/2011;9512;437.20;263.33;4158646.40;1653851.44
Europe;Spain;Cereal;Online;2/6/2013;3032;205.70;117.11;623682.40;268604.88
Sub-Saharan Africa;Eritrea;Fruits;Online;9/19/2016;7744;9.33;6.92;72251.52;18663.04
Australia and Oceania;New Zealand;Fruits;Online;3/1/2012;5528;9.33;6.92;51576.24;13322.48
Asia;Mongolia;Meat;Online;3/19/2013;296;421.89;364.69;124879.44;16931.20
Europe;Montenegro;Office Supplies;Offline;10/9/2015;2989;651.21;524.96;1946466.69;377361.25
Middle East and North Africa;Syria;Cosmetics;Offline;10/22/2016;6581;437.20;263.33;2877213.20;1144238.47
Asia;Sri Lanka;Cereal;Offline;7/29/2010;1077;205.70;117.11;221538.90;95411.43
Europe;Vatican City;Cosmetics;Online;2/9/2015;8514;437.20;263.33;3722320.80;1480329.18
Europe;Latvia;Personal Care;Online;6/4/2015;7958;81.73;56.67;650407.34;199427.48
Europe;Slovakia;Cereal;Online;10/3/2012;508;205.70;117.11;104495.60;45003.72
Australia and Oceania;Solomon Islands;Snacks;Offline;3/10/2013;4295;152.58;97.44;655331.10;236826.30
Australia and Oceania;East Timor;Office Supplies;Online;4/17/2016;9478;651.21;524.96;6172168.38;1196597.50
Sub-Saharan Africa;Kenya;Clothes;Offline;5/9/2011;3252;109.28;35.84;355378.56;238826.88
Sub-Saharan Africa;Swaziland;Fruits;Offline;6/7/2011;4838;9.33;6.92;45138.54;11659.58
Australia and Oceania;Solomon Islands;Clothes;Online;9/21/2011;493;109.28;35.84;53875.04;36205.92
Sub-Saharan Africa;Burkina Faso;Meat;Offline;1/23/2016;8502;421.89;364.69;3586908.78;486314.40
Australia and Oceania;Vanuatu;Cosmetics;Online;6/2/2010;4183;437.20;263.33;1828807.60;727298.21
Sub-Saharan Africa;Rwanda;Snacks;Online;2/12/2012;4884;152.58;97.44;745200.72;269303.76
Europe;Ukraine;Baby Food;Offline;1/13/2013;4985;255.28;159.42;1272570.80;477862.10
Middle East and North Africa;Jordan;Household;Online;9/14/2013;897;668.27;502.54;599438.19;148659.81
Europe;Norway;Cereal;Offline;11/30/2011;6063;205.70;117.11;1247159.10;537121.17
Sub-Saharan Africa;Ghana;Cereal;Online;2/8/2014;5957;205.70;117.11;1225354.90;527730.63
Australia and Oceania;Tuvalu;Snacks;Online;6/4/2016;3082;152.58;97.44;470251.56;169941.48
Sub-Saharan Africa;South Africa;Baby Food;Online;1/29/2016;1976;255.28;159.42;504433.28;189419.36
Central America and the Caribbean;Antigua and Barbuda ;Personal Care;Online;2/15/2015;4206;81.73;56.67;343756.38;105402.36
Asia;Kyrgyzstan;Cosmetics;Online;9/8/2016;3370;437.20;263.33;1473364.00;585941.90
Sub-Saharan Africa;Mauritania;Office Supplies;Offline;8/8/2013;99;651.21;524.96;64469.79;12498.75
Asia;Turkmenistan;Beverages;Online;11/27/2014;7052;47.45;31.79;334617.40;110434.32
Sub-Saharan Africa;Chad;Cereal;Offline;10/9/2011;3924;205.70;117.11;807166.80;347627.16
Asia;Turkmenistan;Vegetables;Offline;8/1/2011;2437;154.06;90.93;375444.22;153847.81
Europe;Latvia;Cereal;Online;6/7/2011;1346;205.70;117.11;276872.20;119242.14
Europe;Greece;Office Supplies;Online;1/17/2017;1437;651.21;524.96;935788.77;181421.25
Europe;Bulgaria;Household;Offline;4/15/2016;529;668.27;502.54;353514.83;87671.17
Europe;Italy;Snacks;Online;3/22/2013;8468;152.58;97.44;1292047.44;466925.52
Asia;Turkmenistan;Beverages;Offline;10/11/2016;2136;47.45;31.79;101353.20;33449.76
Australia and Oceania;Tuvalu;Beverages;Online;3/22/2014;444;47.45;31.79;21067.80;6953.04
Sub-Saharan Africa;Lesotho;Personal Care;Online;10/26/2012;9333;81.73;56.67;762786.09;233884.98
Middle East and North Africa;Qatar;Snacks;Offline;4/29/2013;6778;152.58;97.44;1034187.24;373738.92
Europe;Montenegro;Fruits;Offline;10/13/2013;7783;9.33;6.92;72615.39;18757.03
Europe;Lithuania;Meat;Online;4/16/2013;9384;421.89;364.69;3959015.76;536764.80
Europe;Vatican City;Cereal;Online;10/20/2015;5650;205.70;117.11;1162205.00;500533.50
Asia;Malaysia;Meat;Online;3/9/2011;2678;421.89;364.69;1129821.42;153181.60
Sub-Saharan Africa;Republic of the Congo;Fruits;Online;11/19/2016;3598;9.33;6.92;33569.34;8671.18
Asia;China;Office Supplies;Online;7/18/2013;3572;651.21;524.96;2326122.12;450965.00
Australia and Oceania;Marshall Islands;Office Supplies;Online;12/13/2016;4791;651.21;524.96;3119947.11;604863.75
Europe;Croatia;Fruits;Online;8/29/2013;1480;9.33;6.92;13808.40;3566.80
Europe;Iceland;Cereal;Offline;3/24/2010;4894;205.70;117.11;1006695.80;433559.46
Middle East and North Africa;Syria;Beverages;Online;4/11/2014;8318;47.45;31.79;394689.10;130259.88
Europe;Netherlands;Household;Online;7/23/2015;2070;668.27;502.54;1383318.90;343061.10
Europe;Hungary;Cereal;Online;6/19/2012;8498;205.70;117.11;1748038.60;752837.82
Sub-Saharan Africa;Mauritius ;Cereal;Offline;10/26/2015;6983;205.70;117.11;1436403.10;618623.97
Europe;Serbia;Cosmetics;Offline;10/8/2014;8936;437.20;263.33;3906819.20;1553702.32
Europe;Moldova ;Cosmetics;Online;11/30/2010;2798;437.20;263.33;1223285.60;486488.26
Central America and the Caribbean;Panama;Vegetables;Online;6/21/2014;9044;154.06;90.93;1393318.64;570947.72
Europe;Poland;Office Supplies;Offline;3/24/2010;5179;651.21;524.96;3372616.59;653848.75
Asia;Turkmenistan;Meat;Offline;4/27/2014;738;421.89;364.69;311354.82;42213.60
Europe;Croatia;Cereal;Offline;6/14/2017;2289;205.70;117.11;470847.30;202782.51
Europe;Vatican City;Fruits;Offline;5/23/2011;8430;9.33;6.92;78651.90;20316.30
Sub-Saharan Africa;Cameroon;Fruits;Offline;6/19/2015;4792;9.33;6.92;44709.36;11548.72
Central America and the Caribbean;Haiti;Baby Food;Online;3/19/2012;9036;255.28;159.42;2306710.08;866190.96
Europe;Spain;Household;Offline;9/30/2011;5854;668.27;502.54;3912052.58;970183.42
Europe;Montenegro;Beverages;Offline;1/31/2010;1969;47.45;31.79;93429.05;30834.54
Australia and Oceania;East Timor;Snacks;Online;9/4/2015;1137;152.58;97.44;173483.46;62694.18
Europe;Cyprus;Baby Food;Offline;4/27/2015;9144;255.28;159.42;2334280.32;876543.84
Europe;Kosovo;Cereal;Online;10/21/2015;8806;205.70;117.11;1811394.20;780123.54
Sub-Saharan Africa;Liberia;Household;Offline;6/2/2017;4974;668.27;502.54;3323974.98;824341.02
Central America and the Caribbean;Costa Rica;Office Supplies;Offline;2/24/2010;9525;651.21;524.96;6202775.25;1202531.25
Sub-Saharan Africa;Benin;Personal Care;Online;5/8/2015;6373;81.73;56.67;520865.29;159707.38
Europe;Latvia;Household;Offline;10/9/2013;6458;668.27;502.54;4315687.66;1070284.34
Australia and Oceania;Tonga;Clothes;Online;7/15/2017;2756;109.28;35.84;301175.68;202400.64
Asia;Indonesia;Fruits;Online;4/28/2013;5270;9.33;6.92;49169.10;12700.70
Asia;North Korea;Cereal;Offline;8/5/2011;6036;205.70;117.11;1241605.20;534729.24
Australia and Oceania;Australia;Meat;Offline;7/4/2012;4123;421.89;364.69;1739452.47;235835.60
Europe;Macedonia;Fruits;Offline;4/21/2017;628;9.33;6.92;5859.24;1513.48
Sub-Saharan Africa;Democratic Republic of the Congo;Office Supplies;Online;11/29/2016;3682;651.21;524.96;2397755.22;464852.50
Sub-Saharan Africa;Swaziland;Household;Offline;11/30/2010;3446;668.27;502.54;2302858.42;571105.58
Europe;Hungary;Snacks;Online;4/22/2011;7112;152.58;97.44;1085148.96;392155.68
Europe;Switzerland;Meat;Online;1/3/2016;3903;421.89;364.69;1646636.67;223251.60
Asia;Japan;Fruits;Offline;8/20/2012;76;9.33;6.92;709.08;183.16
Central America and the Caribbean;Dominica;Personal Care;Online;8/9/2012;3915;81.73;56.67;319972.95;98109.90
Middle East and North Africa;Algeria;Baby Food;Offline;1/10/2017;738;255.28;159.42;188396.64;70744.68
Sub-Saharan Africa;Angola;Household;Offline;12/7/2012;7894;668.27;502.54;5275323.38;1308272.62
Europe;Kosovo;Baby Food;Offline;12/5/2014;9763;255.28;159.42;2492298.64;935881.18
North America;Greenland;Baby Food;Online;12/16/2015;2755;255.28;159.42;703296.40;264094.30
Sub-Saharan Africa;Burkina Faso;Cereal;Offline;10/26/2013;314;205.70;117.11;64589.80;27817.26
Europe;Albania;Beverages;Online;12/15/2014;7913;47.45;31.79;375471.85;123917.58
Middle East and North Africa;Israel;Clothes;Online;7/4/2015;8056;109.28;35.84;880359.68;591632.64
Middle East and North Africa;Bahrain;Fruits;Offline;9/5/2012;5280;9.33;6.92;49262.40;12724.80
Europe;Finland;Vegetables;Online;2/11/2016;1152;154.06;90.93;177477.12;72725.76
Sub-Saharan Africa;The Gambia;Personal Care;Offline;10/12/2013;9271;81.73;56.67;757718.83;232331.26
Sub-Saharan Africa;Mozambique;Snacks;Offline;8/29/2013;267;152.58;97.44;40738.86;14722.38
Sub-Saharan Africa;Seychelles ;Office Supplies;Offline;3/20/2017;6801;651.21;524.96;4428879.21;858626.25
Central America and the Caribbean;The Bahamas;Baby Food;Online;8/18/2015;8565;255.28;159.42;2186473.20;821040.90
Europe;United Kingdom;Snacks;Online;4/11/2016;7283;152.58;97.44;1111240.14;401584.62
Sub-Saharan Africa;Democratic Republic of the Congo;Office Supplies;Online;4/2/2016;1710;651.21;524.96;1113569.10;215887.50
Asia;Japan;Clothes;Online;9/16/2013;2631;109.28;35.84;287515.68;193220.64
Sub-Saharan Africa;Equatorial Guinea;Vegetables;Offline;8/28/2011;7865;154.06;90.93;1211681.90;496517.45
Australia and Oceania;Palau;Beverages;Offline;2/28/2014;7260;47.45;31.79;344487.00;113691.60
Europe;Andorra;Clothes;Online;1/1/2015;7696;109.28;35.84;841018.88;565194.24
Asia;Singapore;Personal Care;Online;8/4/2016;8083;81.73;56.67;660623.59;202559.98
Europe;Albania;Office Supplies;Offline;1/21/2011;4365;651.21;524.96;2842531.65;551081.25
Europe;Sweden;Baby Food;Online;4/17/2014;4515;255.28;159.42;1152589.20;432807.90
Sub-Saharan Africa;Togo;Baby Food;Online;10/8/2016;3538;255.28;159.42;903180.64;339152.68
Europe;Portugal;Baby Food;Offline;1/5/2010;8469;255.28;159.42;2161966.32;811838.34
Central America and the Caribbean;Cuba;Household;Offline;2/13/2013;3377;668.27;502.54;2256747.79;559670.21
North America;Greenland;Fruits;Offline;12/20/2015;4360;9.33;6.92;40678.80;10507.60
Australia and Oceania;Vanuatu;Office Supplies;Offline;4/10/2013;4548;651.21;524.96;2961703.08;574185.00
Europe;United Kingdom;Fruits;Offline;12/23/2015;9102;9.33;6.92;84921.66;21935.82
Asia;Laos;Cereal;Online;2/20/2017;214;205.70;117.11;44019.80;18958.26
Europe;Russia;Baby Food;Offline;11/24/2010;2108;255.28;159.42;538130.24;202072.88
Australia and Oceania;Papua New Guinea;Fruits;Online;5/18/2011;6039;9.33;6.92;56343.87;14553.99
Sub-Saharan Africa;Burundi;Personal Care;Online;1/21/2011;5293;81.73;56.67;432596.89;132642.58
Asia;Turkmenistan;Cereal;Offline;10/31/2014;188;205.70;117.11;38671.60;16654.92
Sub-Saharan Africa;Republic of the Congo;Meat;Online;7/9/2013;3071;421.89;364.69;1295624.19;175661.20
Middle East and North Africa;Qatar;Household;Online;5/16/2010;3324;668.27;502.54;2221329.48;550886.52
Europe;Germany;Cosmetics;Offline;4/5/2017;2356;437.20;263.33;1030043.20;409637.72
Middle East and North Africa;Israel;Clothes;Online;1/20/2013;8611;109.28;35.84;941010.08;632391.84
Sub-Saharan Africa;Botswana;Snacks;Offline;7/22/2015;2562;152.58;97.44;390909.96;141268.68
Middle East and North Africa;Iraq;Beverages;Online;2/11/2017;1714;47.45;31.79;81329.30;26841.24
Australia and Oceania;Nauru;Fruits;Online;2/28/2011;5604;9.33;6.92;52285.32;13505.64
Central America and the Caribbean;Panama;Office Supplies;Offline;2/8/2011;797;651.21;524.96;519014.37;100621.25
Sub-Saharan Africa;Gabon;Fruits;Offline;4/16/2016;5894;9.33;6.92;54991.02;14204.54
Middle East and North Africa;Qatar;Cosmetics;Offline;10/4/2015;6524;437.20;263.33;2852292.80;1134327.88
Sub-Saharan Africa;South Africa;Cosmetics;Offline;10/6/2014;347;437.20;263.33;151708.40;60332.89
Sub-Saharan Africa;Swaziland;Cosmetics;Online;11/4/2015;2058;437.20;263.33;899757.60;357824.46
Europe;Greece;Cereal;Offline;1/6/2015;8378;205.70;117.11;1723354.60;742207.02
Sub-Saharan Africa;Lesotho;Clothes;Offline;2/27/2013;3064;109.28;35.84;334833.92;225020.16
Europe;United Kingdom;Beverages;Offline;3/20/2012;1900;47.45;31.79;90155.00;29754.00
Europe;Finland;Vegetables;Online;5/30/2011;7705;154.06;90.93;1187032.30;486416.65
Sub-Saharan Africa;Uganda;Office Supplies;Online;1/7/2011;5328;651.21;524.96;3469646.88;672660.00
Middle East and North Africa;Syria;Snacks;Offline;3/8/2016;6647;152.58;97.44;1014199.26;366515.58
Europe;Bulgaria;Snacks;Online;5/20/2010;5575;152.58;97.44;850633.50;307405.50
Europe;Macedonia;Baby Food;Offline;3/30/2012;3053;255.28;159.42;779369.84;292660.58
Sub-Saharan Africa;Lesotho;Meat;Offline;3/3/2011;2055;421.89;364.69;866983.95;117546.00
Asia;India;Meat;Online;7/18/2016;2587;421.89;364.69;1091429.43;147976.40
Central America and the Caribbean;Saint Kitts and Nevis ;Cosmetics;Online;2/15/2016;6683;437.20;263.33;2921807.60;1161973.21
Europe;Switzerland;Personal Care;Online;1/24/2010;3413;81.73;56.67;278944.49;85529.78
Europe;Luxembourg;Personal Care;Offline;10/1/2014;3873;81.73;56.67;316540.29;97057.38
North America;Canada;Cosmetics;Offline;7/16/2013;6195;437.20;263.33;2708454.00;1077124.65
Sub-Saharan Africa;Zimbabwe;Cereal;Online;8/1/2013;539;205.70;117.11;110872.30;47750.01
Asia;China;Cosmetics;Online;9/25/2011;4097;437.20;263.33;1791208.40;712345.39
Middle East and North Africa;Kuwait;Beverages;Online;6/25/2013;6094;47.45;31.79;289160.30;95432.04
Middle East and North Africa;Bahrain;Baby Food;Offline;1/9/2014;2784;255.28;159.42;710699.52;266874.24
Central America and the Caribbean;Antigua and Barbuda ;Snacks;Offline;3/13/2017;2453;152.58;97.44;374278.74;135258.42
Europe;Iceland;Baby Food;Offline;7/15/2016;419;255.28;159.42;106962.32;40165.34
North America;Greenland;Personal Care;Offline;3/24/2014;4030;81.73;56.67;329371.90;100991.80
Europe;Denmark;Cosmetics;Online;4/16/2017;7666;437.20;263.33;3351575.20;1332887.42
Australia and Oceania;Federated States of Micronesia;Personal Care;Online;2/9/2011;7739;81.73;56.67;632508.47;193939.34
Australia and Oceania;Palau;Fruits;Online;3/13/2016;7690;9.33;6.92;71747.70;18532.90
Sub-Saharan Africa;Nigeria;Baby Food;Online;4/10/2016;2993;255.28;159.42;764053.04;286908.98
Europe;Montenegro;Snacks;Offline;1/22/2015;6154;152.58;97.44;938977.32;339331.56
Europe;Ukraine;Household;Online;4/30/2017;1708;668.27;502.54;1141405.16;283066.84
Middle East and North Africa;Kuwait;Fruits;Offline;1/1/2010;1223;9.33;6.92;11410.59;2947.43
Europe;Ukraine;Fruits;Offline;5/6/2011;8298;9.33;6.92;77420.34;19998.18
Sub-Saharan Africa;Togo;Office Supplies;Offline;3/10/2014;3561;651.21;524.96;2318958.81;449576.25
Central America and the Caribbean;Saint Vincent and the Grenadines;Cosmetics;Offline;6/6/2012;9675;437.20;263.33;4229910.00;1682192.25
Europe;San Marino;Cereal;Offline;5/21/2012;6332;205.70;117.11;1302492.40;560951.88
Australia and Oceania;Papua New Guinea;Personal Care;Online;11/14/2013;5255;81.73;56.67;429491.15;131690.30
Asia;Sri Lanka;Beverages;Offline;12/21/2013;5199;47.45;31.79;246692.55;81416.34
Sub-Saharan Africa;Guinea-Bissau;Vegetables;Offline;11/5/2010;6951;154.06;90.93;1070871.06;438816.63
Middle East and North Africa;Oman;Cereal;Offline;1/26/2015;8327;205.70;117.11;1712863.90;737688.93
Central America and the Caribbean;Guatemala;Cosmetics;Online;7/28/2015;9177;437.20;263.33;4012184.40;1595604.99
Europe;Serbia;Household;Online;9/11/2013;6380;668.27;502.54;4263562.60;1057357.40
Europe;Andorra;Office Supplies;Offline;11/12/2011;8848;651.21;524.96;5761906.08;1117060.00
Sub-Saharan Africa;Mozambique;Office Supplies;Offline;5/4/2017;2522;651.21;524.96;1642351.62;318402.50
Sub-Saharan Africa;Niger;Vegetables;Online;9/25/2015;5377;154.06;90.93;828380.62;339450.01
Europe;Malta;Beverages;Offline;8/27/2012;2417;47.45;31.79;114686.65;37850.22
Central America and the Caribbean;Cuba;Household;Offline;10/12/2014;679;668.27;502.54;453755.33;112530.67
Sub-Saharan Africa;Central African Republic;Vegetables;Online;11/30/2010;4229;154.06;90.93;651519.74;266976.77
Asia;Kyrgyzstan;Cosmetics;Online;8/25/2013;9167;437.20;263.33;4007812.40;1593866.29
Europe;Denmark;Clothes;Online;2/19/2010;8623;109.28;35.84;942321.44;633273.12
Asia;Maldives;Fruits;Offline;4/23/2011;7757;9.33;6.92;72372.81;18694.37
Middle East and North Africa;Tunisia ;Baby Food;Online;3/25/2010;8761;255.28;159.42;2236508.08;839829.46
Sub-Saharan Africa;Cameroon;Baby Food;Offline;3/7/2016;5861;255.28;159.42;1496196.08;561835.46
Central America and the Caribbean;Jamaica;Meat;Online;1/1/2013;309;421.89;364.69;130364.01;17674.80
Middle East and North Africa;Israel;Office Supplies;Offline;11/19/2015;5394;651.21;524.96;3512626.74;680992.50
Sub-Saharan Africa;Sudan;Household;Online;7/30/2014;1431;668.27;502.54;956294.37;237159.63
Asia;Tajikistan;Cereal;Online;1/19/2015;769;205.70;117.11;158183.30;68125.71
Sub-Saharan Africa;Central African Republic;Office Supplies;Offline;12/21/2012;2789;651.21;524.96;1816224.69;352111.25
Europe;Bosnia and Herzegovina;Vegetables;Online;8/25/2012;8902;154.06;90.93;1371442.12;561983.26
Asia;Bangladesh;Personal Care;Offline;9/3/2015;7550;81.73;56.67;617061.50;189203.00
Sub-Saharan Africa;Guinea-Bissau;Office Supplies;Offline;2/10/2017;9206;651.21;524.96;5995039.26;1162257.50
Australia and Oceania;Papua New Guinea;Personal Care;Online;11/27/2016;1375;81.73;56.67;112378.75;34457.50
Sub-Saharan Africa;Nigeria;Fruits;Online;1/17/2016;3595;9.33;6.92;33541.35;8663.95
Asia;Cambodia;Beverages;Online;10/20/2012;2431;47.45;31.79;115350.95;38069.46
Asia;Kazakhstan;Meat;Online;2/2/2014;6483;421.89;364.69;2735112.87;370827.60
Sub-Saharan Africa;Niger;Vegetables;Online;7/10/2016;1380;154.06;90.93;212602.80;87119.40
Middle East and North Africa;Kuwait;Office Supplies;Offline;3/19/2010;4784;651.21;524.96;3115388.64;603980.00
Europe;Estonia;Snacks;Online;11/1/2012;1387;152.58;97.44;211628.46;76479.18
Europe;Finland;Vegetables;Offline;11/4/2012;7912;154.06;90.93;1218922.72;499484.56
Sub-Saharan Africa;Chad;Snacks;Online;2/12/2011;8115;152.58;97.44;1238186.70;447461.10
Sub-Saharan Africa;Lesotho;Cereal;Online;2/28/2017;7782;205.70;117.11;1600757.40;689407.38
Europe;Greece;Household;Online;1/22/2015;9730;668.27;502.54;6502267.10;1612552.90
Asia;Maldives;Fruits;Offline;8/31/2012;8807;9.33;6.92;82169.31;21224.87
Australia and Oceania;Tonga;Vegetables;Offline;2/12/2015;6894;154.06;90.93;1062089.64;435218.22
Asia;Cambodia;Vegetables;Offline;6/19/2013;7902;154.06;90.93;1217382.12;498853.26
Europe;Spain;Household;Offline;3/12/2011;2773;668.27;502.54;1853112.71;459569.29
Central America and the Caribbean;Saint Vincent and the Grenadines;Office Supplies;Offline;11/4/2012;4480;651.21;524.96;2917420.80;565600.00
Asia;Mongolia;Cereal;Offline;9/1/2012;3029;205.70;117.11;623065.30;268339.11
Europe;Austria;Meat;Online;7/21/2013;456;421.89;364.69;192381.84;26083.20
Middle East and North Africa;Azerbaijan;Snacks;Online;9/2/2015;5827;152.58;97.44;889083.66;321300.78
Europe;Russia;Cereal;Online;9/1/2012;243;205.70;117.11;49985.10;21527.37
Europe;Liechtenstein;Cosmetics;Offline;8/21/2010;1832;437.20;263.33;800950.40;318529.84
Asia;Bhutan;Clothes;Online;9/21/2016;756;109.28;35.84;82615.68;55520.64
Sub-Saharan Africa;Eritrea;Household;Offline;8/19/2012;4207;668.27;502.54;2811411.89;697226.11
Australia and Oceania;Marshall Islands;Meat;Online;6/6/2011;1409;421.89;364.69;594443.01;80594.80
Europe;Georgia;Beverages;Offline;11/20/2015;8616;47.45;31.79;408829.20;134926.56
Central America and the Caribbean;Dominica;Fruits;Online;9/8/2014;4116;9.33;6.92;38402.28;9919.56
Central America and the Caribbean;Trinidad and Tobago;Cosmetics;Online;7/9/2016;3224;437.20;263.33;1409532.80;560556.88
Europe;San Marino;Clothes;Online;12/29/2015;3290;109.28;35.84;359531.20;241617.60
Europe;Estonia;Meat;Online;7/22/2012;8694;421.89;364.69;3667911.66;497296.80
Europe;Malta;Vegetables;Online;4/23/2014;5847;154.06;90.93;900788.82;369121.11
Europe;Bulgaria;Household;Online;6/23/2011;8191;668.27;502.54;5473799.57;1357494.43
Europe;Russia;Fruits;Offline;7/1/2010;1199;9.33;6.92;11186.67;2889.59
Sub-Saharan Africa;The Gambia;Cosmetics;Offline;2/1/2015;7378;437.20;263.33;3225661.60;1282812.86
Australia and Oceania;East Timor;Fruits;Offline;11/17/2014;1262;9.33;6.92;11774.46;3041.42
Asia;Sri Lanka;Vegetables;Online;12/9/2011;4419;154.06;90.93;680791.14;278971.47
Europe;Estonia;Baby Food;Online;12/15/2016;449;255.28;159.42;114620.72;43041.14
Asia;Indonesia;Cosmetics;Offline;3/12/2015;9980;437.20;263.33;4363256.00;1735222.60
Europe;Switzerland;Cereal;Offline;9/9/2015;5674;205.70;117.11;1167141.80;502659.66
Europe;Portugal;Office Supplies;Offline;3/11/2017;7223;651.21;524.96;4703689.83;911903.75
Europe;Serbia;Office Supplies;Online;12/9/2011;6351;651.21;524.96;4135834.71;801813.75
Central America and the Caribbean;Barbados;Personal Care;Offline;3/1/2012;1813;81.73;56.67;148176.49;45433.78
Central America and the Caribbean;Belize;Cereal;Online;1/10/2016;4395;205.70;117.11;904051.50;389353.05
Sub-Saharan Africa;Guinea;Cereal;Offline;5/21/2011;1914;205.70;117.11;393709.80;169561.26
Europe;Croatia;Household;Offline;6/14/2017;4219;668.27;502.54;2819431.13;699214.87
Sub-Saharan Africa;Gabon;Snacks;Offline;11/12/2012;8189;152.58;97.44;1249477.62;451541.46
Europe;Ukraine;Meat;Online;3/8/2015;2737;421.89;364.69;1154712.93;156556.40
Europe;Montenegro;Personal Care;Online;7/10/2016;3804;81.73;56.67;310900.92;95328.24
Middle East and North Africa;Saudi Arabia;Snacks;Offline;1/27/2010;9364;152.58;97.44;1428759.12;516330.96
Asia;Bhutan;Baby Food;Online;8/2/2016;4422;255.28;159.42;1128848.16;423892.92
Sub-Saharan Africa;The Gambia;Personal Care;Online;6/12/2012;6014;81.73;56.67;491524.22;150710.84
Sub-Saharan Africa;Sudan;Fruits;Offline;10/2/2016;8207;9.33;6.92;76571.31;19778.87
Central America and the Caribbean;Saint Vincent and the Grenadines;Vegetables;Offline;10/22/2011;7100;154.06;90.93;1093826.00;448223.00
Sub-Saharan Africa;Equatorial Guinea;Vegetables;Offline;1/16/2015;5823;154.06;90.93;897091.38;367605.99
Sub-Saharan Africa;Central African Republic;Meat;Online;9/7/2014;9537;421.89;364.69;4023564.93;545516.40
Europe;Spain;Cereal;Online;5/14/2011;434;205.70;117.11;89273.80;38448.06
Australia and Oceania;Palau;Fruits;Online;5/15/2014;2738;9.33;6.92;25545.54;6598.58
Europe;Finland;Baby Food;Offline;2/6/2015;7705;255.28;159.42;1966932.40;738601.30
Sub-Saharan Africa;Ethiopia;Office Supplies;Offline;8/10/2013;8619;651.21;524.96;5612778.99;1088148.75
Sub-Saharan Africa;Cape Verde;Office Supplies;Offline;10/18/2014;5799;651.21;524.96;3776366.79;732123.75
Central America and the Caribbean;Dominican Republic;Snacks;Online;1/19/2017;1592;152.58;97.44;242907.36;87782.88
Middle East and North Africa;Saudi Arabia;Vegetables;Online;1/17/2016;5380;154.06;90.93;828842.80;339639.40
Europe;Bosnia and Herzegovina;Household;Online;2/1/2016;8573;668.27;502.54;5729078.71;1420803.29
Sub-Saharan Africa;Sudan;Meat;Offline;3/10/2011;9613;421.89;364.69;4055628.57;549863.60
Australia and Oceania;Kiribati;Fruits;Online;7/28/2011;8974;9.33;6.92;83727.42;21627.34
Sub-Saharan Africa;Mauritius ;Meat;Online;3/3/2017;4161;421.89;364.69;1755484.29;238009.20
Sub-Saharan Africa;Lesotho;Meat;Offline;10/31/2013;4711;421.89;364.69;1987523.79;269469.20
Europe;Romania;Personal Care;Offline;12/22/2014;7189;81.73;56.67;587556.97;180156.34
Europe;Latvia;Beverages;Offline;5/13/2012;196;47.45;31.79;9300.20;3069.36
Europe;Spain;Household;Online;3/11/2010;9361;668.27;502.54;6255675.47;1551398.53
Central America and the Caribbean;Dominica;Beverages;Online;9/16/2013;2345;47.45;31.79;111270.25;36722.70
Sub-Saharan Africa;Sao Tome and Principe;Clothes;Online;4/21/2010;3841;109.28;35.84;419744.48;282083.04
Europe;Kosovo;Snacks;Online;2/24/2011;571;152.58;97.44;87123.18;31484.94
Sub-Saharan Africa;Cameroon;Cosmetics;Online;2/12/2017;6292;437.20;263.33;2750862.40;1093990.04
Asia;Taiwan;Office Supplies;Online;1/3/2015;6789;651.21;524.96;4421064.69;857111.25
Europe;Montenegro;Fruits;Online;8/12/2011;4879;9.33;6.92;45521.07;11758.39
Europe;Croatia;Vegetables;Offline;10/14/2014;5411;154.06;90.93;833618.66;341596.43
Sub-Saharan Africa;Lesotho;Cereal;Offline;7/10/2014;266;205.70;117.11;54716.20;23564.94
Sub-Saharan Africa;Lesotho;Baby Food;Offline;1/7/2017;3354;255.28;159.42;856209.12;321514.44
Central America and the Caribbean;Saint Lucia;Office Supplies;Online;8/12/2010;5617;651.21;524.96;3657846.57;709146.25
Central America and the Caribbean;Cuba;Personal Care;Offline;12/29/2014;30;81.73;56.67;2451.90;751.80
Middle East and North Africa;Kuwait;Clothes;Offline;11/1/2016;6596;109.28;35.84;720810.88;484410.24
Australia and Oceania;Vanuatu;Beverages;Offline;6/17/2011;7353;47.45;31.79;348899.85;115147.98
Sub-Saharan Africa;Sierra Leone;Vegetables;Offline;3/4/2014;1367;154.06;90.93;210600.02;86298.71
Central America and the Caribbean;Dominican Republic;Snacks;Online;1/23/2011;9738;152.58;97.44;1485824.04;536953.32
Europe;Denmark;Fruits;Online;10/13/2015;595;9.33;6.92;5551.35;1433.95
Middle East and North Africa;Azerbaijan;Meat;Offline;10/6/2012;4099;421.89;364.69;1729327.11;234462.80
Europe;United Kingdom;Vegetables;Offline;1/2/2014;7442;154.06;90.93;1146514.52;469813.46
Sub-Saharan Africa;Gabon;Fruits;Offline;6/4/2017;9849;9.33;6.92;91891.17;23736.09
Central America and the Caribbean;Grenada;Baby Food;Offline;8/24/2010;7574;255.28;159.42;1933490.72;726043.64
Sub-Saharan Africa;Burkina Faso;Beverages;Online;8/25/2012;8904;47.45;31.79;422494.80;139436.64
Asia;Bangladesh;Personal Care;Offline;12/22/2016;9155;81.73;56.67;748238.15;229424.30
Europe;San Marino;Cereal;Online;8/28/2010;5676;205.70;117.11;1167553.20;502836.84
Europe;Liechtenstein;Baby Food;Offline;11/13/2015;2847;255.28;159.42;726782.16;272913.42
Australia and Oceania;New Zealand;Vegetables;Online;5/30/2010;7080;154.06;90.93;1090744.80;446960.40
Sub-Saharan Africa;Democratic Republic of the Congo;Fruits;Online;10/20/2014;1816;9.33;6.92;16943.28;4376.56
Middle East and North Africa;Bahrain;Household;Online;10/6/2012;2530;668.27;502.54;1690723.10;419296.90
Asia;Vietnam;Household;Online;8/3/2015;1726;668.27;502.54;1153434.02;286049.98
Europe;Liechtenstein;Baby Food;Online;11/25/2012;3941;255.28;159.42;1006058.48;377784.26
Asia;Myanmar;Personal Care;Online;5/6/2014;741;81.73;56.67;60561.93;18569.46
Middle East and North Africa;Pakistan;Baby Food;Online;6/20/2015;5725;255.28;159.42;1461478.00;548798.50
Middle East and North Africa;Saudi Arabia;Cereal;Offline;9/1/2016;9524;205.70;117.11;1959086.80;843731.16
Europe;Moldova ;Cosmetics;Offline;11/6/2011;4798;437.20;263.33;2097685.60;834228.26
Europe;Sweden;Snacks;Online;11/23/2014;1239;152.58;97.44;189046.62;68318.46
Asia;Kyrgyzstan;Meat;Online;6/24/2010;573;421.89;364.69;241742.97;32775.60